{"The Twilight Saga: Breaking Dawn - Part 1":{"revenue":701315261,"release date":"2011-11-17","poster":"/eZQfeokiFBdvKHNrtQoM3tt2FWL.jpg","id":50619,"imdb":"tt1324999","cast":["Kristen Stewart","Robert Pattinson","Taylor Lautner","Ashley Greene","Peter Facinelli","Elizabeth Reaser","Kellan Lutz","Anna Kendrick","Booboo Stewart","Julia Jones"]},"Transformers: Dark of the Moon":{"revenue":1123746996,"release date":"2011-06-28","poster":"/x3srPojlinkAYxnPXAjZunsPCIL.jpg","id":38356,"imdb":"tt1399103","cast":["Shia LaBeouf","John Malkovich","Ken Jeong","Frances McDormand","Josh Duhamel","Tyrese Gibson","Hugo Weaving","Leonard Nimoy","John Turturro","Rosie Huntington-Whiteley"]},"The Hangover Part II":{"revenue":254455986,"release date":"2011-05-25","poster":"/hFUsdnUoQDQ02EVlKTyhDTdehEr.jpg","id":45243,"imdb":"tt1411697","cast":["Bradley Cooper","Zach Galifianakis","Justin Bartha","Ed Helms","Ken Jeong","Mike Tyson","Jamie Chung","Paul Giamatti","Jeffrey Tambor","Mason Lee"]},"A Nightmare on Elm Street":{"revenue":112362985,"release date":"2010-04-30","poster":"/zPdMcikD993AQRd92iNv0Dxb67T.jpg","id":23437,"imdb":"tt1179056","cast":["Jackie Earle Haley","Katie Cassidy","Kyle Gallner","Kellan Lutz","Thomas Dekker","Clancy Brown","Connie Britton","Rooney Mara","Christian Stolte"]},"Fast Five":{"revenue":626137675,"release date":"2011-04-28","poster":"/cA81CI8odKv5KHRUUzJbj83yN7c.jpg","id":51497,"imdb":"tt1596343","cast":["Dwayne Johnson","Vin Diesel","Paul Walker","Jordana Brewster","Tyrese Gibson","Elsa Pataky","Ludacris","Sung Kang","Gal Gadot","Matt Schulze"]},"Bridesmaids":{"revenue":206686000,"release date":"2011-04-28","poster":"/x5ucaJZ4FP589Gn3I8l3ZFV3Nl8.jpg","id":55721,"imdb":"tt1478338","cast":["Rose Byrne","Jon Hamm","Kristen Wiig","Melissa McCarthy","Maya Rudolph","Chris O'Dowd","Ellie Kemper","Jessica St. Clair","Tom Yi","Elaine Kao"]},"Rise of the Planet of the Apes":{"revenue":482860185,"release date":"2011-08-04","poster":"/ddWSWgAjAhksNhMeeBTSqY6otIA.jpg","id":61791,"imdb":"tt1318514","cast":["Andy Serkis","Karin Konoval","Freida Pinto","James Franco","Tyler Labine","David Hewlett","David Oyelowo","Chelah Horsdal","Jesse Reid","Tracy Spiridakos"]},"The Help":{"revenue":124272124,"release date":"2011-08-10","poster":"/6u85CuvnbrzWMhKbGk4Bm5RnO3V.jpg","id":50014,"imdb":"tt1454029","cast":["Emma Stone","Viola Davis","Octavia Spencer","Bryce Dallas Howard","Jessica Chastain","Mike Vogel","Allison Janney","Sissy Spacek","Chris Lowell","Ahna O'Reilly"]},"Pirates of the Caribbean: On Stranger Tides":{"revenue":1021683000,"release date":"2011-05-11","poster":"/jUkGuSC9Kt29rW3x6UiB9zyZr1M.jpg","id":1865,"imdb":"tt1298650","cast":["Johnny Depp","Ian McShane","Penélope Cruz","Geoffrey Rush","Gemma Ward","Richard Griffiths","Stephen Graham","Kevin McNally","Óscar Jaenada","Roger Allam"]},"Sherlock Holmes: A Game of Shadows":{"revenue":334615000,"release date":"2011-12-16","poster":"/7OFqsVuS6DlVM10GUD72vCGpQm9.jpg","id":58574,"imdb":"tt1515091","cast":["Robert Downey Jr.","Jude Law","Jared Harris","Noomi Rapace","Kelly Reilly","Geraldine James","Eddie Marsan","Stephen Fry","William Houston","Affif Ben Badra"]},"Kung Fu Panda 2":{"revenue":570569112,"release date":"2011-05-25","poster":"/9wCrh57WO3mPmn1hWnJRcvdFtIb.jpg","id":49444,"imdb":"tt1302011","cast":["Jack Black","Angelina Jolie","Seth Rogen","Gary Oldman","David Cross","Dustin Hoffman","Jackie Chan","Lucy Liu","Jean-Claude Van Damme","Michelle Yeoh"]},"Captain America: The First Avenger":{"revenue":365762652,"release date":"2011-07-22","poster":"/sBZs1jSybBRBXDwcCR8IOyHLUMc.jpg","id":1771,"imdb":"tt0458339","cast":["Chris Evans","Hugo Weaving","Tommy Lee Jones","Hayley Atwell","Sebastian Stan","Samuel L. Jackson","Dominic Cooper","Stanley Tucci","Natalie Dormer","Amanda Righetti"]},"X-Men: First Class":{"revenue":344420111,"release date":"2011-05-24","poster":"/l2cBQTfbVEWUXW8nKWCgq0ct7WU.jpg","id":49538,"imdb":"tt1270798","cast":["James McAvoy","Michael Fassbender","Rose Byrne","January Jones","Jennifer Lawrence","Kevin Bacon","Oliver Platt","Zoë Kravitz","Álex González","Jason Flemyng"]},"Thor":{"revenue":444115007,"release date":"2011-05-06","poster":"/bIuOWTtyFPjsFDevqvF3QrD1aun.jpg","id":10195,"imdb":"tt0800369","cast":["Chris Hemsworth","Natalie Portman","Tom Hiddleston","Anthony Hopkins","Stellan Skarsgård","Kat Dennings","Clark Gregg","Colm Feore","Idris Elba","Ray Stevenson"]},"Super 8":{"revenue":260095987,"release date":"2011-06-08","poster":"/1JAKnHjENVz1adurNjtsWZnVQGY.jpg","id":37686,"imdb":"tt1650062","cast":["Kyle Chandler","Elle Fanning","Noah Emmerich","Amanda Michalka","Ron Eldard","Joel Courtney","Riley Griffiths","Ryan Lee","Gabriel Basso","Zach Mills"]},"Rio":{"revenue":471009915,"release date":"2011-04-15","poster":"/tljxcbuC5MT4SzpwAYYYnqlQ9JC.jpg","id":46195,"imdb":"tt1436562","cast":["Jesse Eisenberg","Anne Hathaway","Leslie Mann","Jane Lynch","Will.i.am","Wanda Sykes","George Lopez","Jamie Foxx","Rodrigo Santoro"]},"The Smurfs":{"revenue":125948234,"release date":"2011-07-29","poster":"/ntP7anZWyi7TxFARKp78bHTLEVr.jpg","id":41513,"imdb":"tt0472181","cast":["Neil Patrick Harris","Jayma Mays","Anton Yelchin","Hank Azaria","Alan Cumming","Katy Perry","Sofía Vergara","Jonathan Winters","George Lopez","Paul Reubens"]},"Horrible Bosses":{"revenue":117,"release date":"2011-07-08","poster":"/17rVRW7ond0PR2KJHY0xY00isTB.jpg","id":51540,"imdb":"tt1499658","cast":["Jennifer Aniston","Jason Bateman","Charlie Day","Jason Sudeikis","Colin Farrell","Jamie Foxx","Donald Sutherland","Lindsay Sloane","John Francis Daley","Kevin Spacey"]},"Rango":{"revenue":242421099,"release date":"2011-03-03","poster":"/dQ6JElhTmauGWAyxu1k1uPrxupr.jpg","id":44896,"imdb":"tt1192628","cast":["Johnny Depp","Isla Fisher","Ned Beatty","Bill Nighy","Alfred Molina","Abigail Breslin","Claudia Black","Timothy Olyphant","Ray Winstone","Stephen Root"]},"Green Lantern":{"revenue":219851172,"release date":"2011-06-16","poster":"/zUSEYp9G7Hk9GZIfbPoOiSHvwHV.jpg","id":44912,"imdb":"tt1133985","cast":["Ryan Reynolds","Blake Lively","Peter Sarsgaard","Tim Robbins","Mark Strong","Temuera Morrison","Jenna Craig","Jon Tenney","Mike Doyle","NicK Jandl"]},"Bad Teacher":{"revenue":216412265,"release date":"2011-06-19","poster":"/ejTcAKe5F3zsvU9GXyl2ODAhkWl.jpg","id":52449,"imdb":"tt1284575","cast":["Jason Segel","Cameron Diaz","Justin Timberlake","Lucy Punch","Phyllis Smith","John Michael Higgins","Jillian Armenante","Dave Allen","Matthew J. Evans","Kaitlyn Dever"]},"Cowboys & Aliens":{"revenue":171240551,"release date":"2011-07-29","poster":"/tXEHvxU315Yu7bEaMMRcpDpW6RI.jpg","id":49849,"imdb":"tt0409847","cast":["Olivia Wilde","Harrison Ford","Daniel Craig","Sam Rockwell","Paul Dano","Walton Goggins","Ana de la Reguera","Clancy Brown","Keith Carradine","Noah Ringer"]},"Paranormal Activity 3":{"revenue":205703818,"release date":"2011-10-21","poster":"/mOt5rOWhfF2GmbW1Dv51lrwwfw0.jpg","id":72571,"imdb":"tt1778304","cast":["Katie Featherston","Sprague Grayden","Lauren Bittner","Christopher Nicholas Smith","Chloe Csengery","Jessica Tyler Brown","Hallie Foote","Marilyn Alex","Dustin Ingram","Jessica Berger"]},"The Green Hornet":{"revenue":227817248,"release date":"2011-01-13","poster":"/xYEBtscvOA7JWh2MSvcnkAaeAyc.jpg","id":40805,"imdb":"tt0990407","cast":["Seth Rogen","Jay Chou","Christoph Waltz","Cameron Diaz","Edward Furlong","Tom Wilkinson","Edward James Olmos","Analeigh Tipton","Chad L. Coleman","Robert Clotworthy"]},"Alvin and the Chipmunks: Chipwrecked":{"revenue":342695435,"release date":"2011-12-14","poster":"/31IPWvH2l4ycyK8EsMOmmwiJC7n.jpg","id":55301,"imdb":"tt1615918","cast":["Amy Poehler","Jenny Slate","Andy Buckley","Jesse McCartney","Jason Lee","Anna Faris","Christina Applegate","Justin Long"]},"Hop":{"revenue":177324359,"release date":"2011-04-01","poster":"/avbiy6qaRMbfeI8HRpNg2HLaNwD.jpg","id":50359,"imdb":"tt1411704","cast":["Russell Brand","James Marsden","Kaley Cuoco","Hank Azaria","Elizabeth Perkins","Gary Cole","Hugh Laurie","Tiffany Espensen","David Hasselhoff","Chelsea Handler"]},"Real Steel":{"revenue":277268415,"release date":"2011-10-06","poster":"/drtXi58nN6P3zcoLh6wUlsZAYqh.jpg","id":39254,"imdb":"tt0433035","cast":["Hugh Jackman","Dakota Goyo","Evangeline Lilly","Anthony Mackie","Kevin Durand","Hope Davis","James Rebhorn","Marco Ruggeri","Karl Yune","Olga Fonda"]},"The Girl with the Dragon Tattoo":{"revenue":102515793,"release date":"2011-12-14","poster":"/voxRWFTtagLiqnJQs9tWQLB0MN.jpg","id":65754,"imdb":"tt1568346","cast":["Daniel Craig","Stellan Skarsgård","Rooney Mara","Robin Wright","Christopher Plummer","Steven Berkoff","Joely Richardson","Embeth Davidtz","Geraldine James","Goran Višnjić"]},"Just Go With It":{"revenue":214918407,"release date":"2011-02-11","poster":"/vQ8d3A6W96fmsxPUNu9DrgwSRaI.jpg","id":50546,"imdb":"tt1564367","cast":["Jennifer Aniston","Adam Sandler","Nicole Kidman","Bailee Madison","Rachel Specter","Brooklyn Decker","Elena Satine","Nick Swardson","Dan Patrick","Rachel Dratch"]},"Gnomeo & Juliet":{"revenue":189712432,"release date":"2011-02-11","poster":"/atCBHTqq7khw5Z1KSVXDo6ncKWF.jpg","id":45772,"imdb":"tt0377981","cast":["Jason Statham","Emily Blunt","James McAvoy","Michael Caine","Maggie Smith","Julie Walters","Patrick Stewart","Jim Cummings","Ashley Jensen","Dolly Parton"]},"Battle Los Angeles":{"revenue":202466756,"release date":"2011-03-11","poster":"/rkfaoR6BoQh29F6TrgaO7AQ56oE.jpg","id":44943,"imdb":"tt1217613","cast":["Aaron Eckhart","Ramón Rodríguez","Will Rothhaar","Cory Hardrict","Jim Parrack","Gino Anthony Pesi","Ne-Yo","James Hiroyuki Liao","Bridget Moynahan","Noel Fisher"]},"The Muppets":{"revenue":88355068,"release date":"2011-11-22","poster":"/Ai7JRZFEXXOX7rhgfeL861zZtWv.jpg","id":64328,"imdb":"tt1204342","cast":["Emily Blunt","John Krasinski","Zach Galifianakis","Jack Black","Amy Adams","Jason Segel","Jim Parsons","Mickey Rooney","Neil Patrick Harris","Chris Cooper"]},"Crazy, Stupid, Love.":{"revenue":142851197,"release date":"2011-07-28","poster":"/tsfuFwWLqj9OG5ewiRB0imcP8up.jpg","id":50646,"imdb":"tt1570728","cast":["Steve Carell","Julianne Moore","Ryan Gosling","Emma Stone","Marisa Tomei","Kevin Bacon","Analeigh Tipton","Jonah Bobo"]},"Contagion":{"revenue":135,"release date":"2011-09-09","poster":"/kbC6I0AOSLTHFA2dieyat9h8QHP.jpg","id":39538,"imdb":"tt1598778","cast":["Matt Damon","Gwyneth Paltrow","Kate Winslet","Jude Law","Marion Cotillard","Laurence Fishburne","Bryan Cranston","Sanaa Lathan","Jennifer Ehle","Daria Strokous"]},"Zookeeper":{"revenue":78230732,"release date":"2011-07-08","poster":"/qVsaDvFLnGSH6WdTgatzc2nXt7e.jpg","id":38317,"imdb":"tt1222817","cast":["Kevin James","Rosario Dawson","Sylvester Stallone","Nick Nolte","Jon Favreau","Adam Sandler","Judd Apatow","Thomas Gottschalk","Ken Jeong","Donnie Wahlberg"]},"War Horse":{"revenue":177000000,"release date":"2011-12-25","poster":"/6wMoQyJddEiLCzLUHiX7LNWhDol.jpg","id":57212,"imdb":"tt1568911","cast":["Tom Hiddleston","Benedict Cumberbatch","Toby Kebbell","Emily Watson","Jeremy Irvine","Patrick Kennedy","David Thewlis","Peter Mullan","David Kross","Nicolas Bro"]},"Justin Bieber: Never Say Never":{"revenue":98441954,"release date":"2011-02-11","poster":"/1f7DaSujt536oVcLT2SlOoNcwma.jpg","id":54518,"imdb":"tt1702443","cast":["Justin Bieber","Miley Cyrus","Usher","Jaden Smith","Sean Kingston"]},"Hugo":{"revenue":180864507,"release date":"2011-10-09","poster":"/fkeaJr29ypea1n24gzspsc7qK44.jpg","id":44826,"imdb":"tt0970179","cast":["Asa Butterfield","Chloë Grace Moretz","Ben Kingsley","Sacha Baron Cohen","Jude Law","Christopher Lee","Helen McCrory","Michael Stuhlbarg","Marco Aponte","Emily Mortimer"]},"Limitless":{"revenue":155449455,"release date":"2011-03-08","poster":"/hGHmdbovLuPi1Vdr6JLp7LhqZ3s.jpg","id":51876,"imdb":"tt1219289","cast":["Bradley Cooper","Robert De Niro","Abbie Cornish","Andrew Howard","Anna Friel","Johnny Whitworth","Robert John Burke","Darren Goldstein","Tomas Arana","Ned Eisenberg"]},"The Dark Knight Rises":{"revenue":1081041287,"release date":"2012-07-20","poster":"/dEYnvnUfXrqvqeRSqvIEtmzhoA8.jpg","id":49026,"imdb":"tt1345836","cast":["Christian Bale","Gary Oldman","Tom Hardy","Joseph Gordon-Levitt","Anne Hathaway","Morgan Freeman","Marion Cotillard","Michael Caine","Matthew Modine","Alon Aboutboul"]},"The Adventures of Tintin":{"revenue":371940071,"release date":"2011-12-20","poster":"/bDE10SyVAFEBrwI6qettdCHQjT.jpg","id":17578,"imdb":"tt0983193","cast":["Daniel Craig","Simon Pegg","Cary Elwes","Jamie Bell","Andy Serkis","Nick Frost","Mackenzie Crook","Tony Curran","Toby Jones","Daniel Mays"]},"No Strings Attached":{"revenue":147780440,"release date":"2011-01-20","poster":"/1AxDwc2eugEvG4dRTear9q8Hzmw.jpg","id":41630,"imdb":"tt1411238","cast":["Natalie Portman","Ashton Kutcher","Greta Gerwig","Kevin Kline","Olivia Thirlby","Lake Bell","Cary Elwes","Talia Balsam","Stefanie Scott"]},"The Hunger Games":{"revenue":658010692,"release date":"2012-03-23","poster":"/iLJdwmzrHFjFwI5lvYAT1gcpRuA.jpg","id":70160,"imdb":"tt1392170","cast":["Jennifer Lawrence","Josh Hutcherson","Liam Hemsworth","Stanley Tucci","Elizabeth Banks","Woody Harrelson","Willow Shields","Wes Bentley","Paula Malcomson","Amandla Stenberg"]},"Mr. Popper's Penguins":{"revenue":83847000,"release date":"2011-06-17","poster":"/qKkyePjlG9yilHpS89ZOc3N2Cd1.jpg","id":58224,"imdb":"tt1396218","cast":["Jim Carrey","Carla Gugino","Madeline Carroll","Angela Lansbury","Ophelia Lovibond","James Tupper","Clark Gregg","Jeffrey Tambor","David Krumholtz","Philip Baker Hall"]},"Moneyball":{"revenue":110206216,"release date":"2011-09-22","poster":"/3oAa8mJJ97CH9AeGEY6vjAxqcvZ.jpg","id":60308,"imdb":"tt1210166","cast":["Brad Pitt","Jonah Hill","Robin Wright","Philip Seymour Hoffman","Chris Pratt","Stephen Bishop","Brent Jennings","Ken Medlock","Tammy Blanchard","Jack McGee"]},"Madagascar 3: Europe's Most Wanted":{"revenue":742000000,"release date":"2012-06-08","poster":"/q79YojIzPEUb0JaEpuzDbLJT3yv.jpg","id":80321,"imdb":"tt1277953","cast":["Ben Stiller","Sacha Baron Cohen","David Schwimmer","Frances McDormand","Chris Rock","Jada Pinkett Smith","John Di Maggio","Cedric the Entertainer","Jessica Chastain","Bryan Cranston"]},"Unknown":{"revenue":134887487,"release date":"2011-02-18","poster":"/4QAPgl63sRyCptq1Wd25lNsptbU.jpg","id":48138,"imdb":"tt1401152","cast":["Liam Neeson","Diane Kruger","January Jones","Aidan Quinn","Bruno Ganz","Frank Langella","Sebastian Koch","Olivier Schneider","Stipe Erceg","Rainer Bock"]},"The Avengers":{"revenue":1511757910,"release date":"2012-05-04","poster":"/cezWGskPY5x7GaglTTRN4Fugfb8.jpg","id":24428,"imdb":"tt0848228","cast":["Robert Downey Jr.","Chris Evans","Mark Ruffalo","Chris Hemsworth","Scarlett Johansson","Jeremy Renner","Tom Hiddleston","Clark Gregg","Cobie Smulders","Stellan Skarsgård"]},"Dolphin Tale":{"revenue":72279690,"release date":"2011-09-23","poster":"/47eRTWQDx9lPkQgTWmuATNNkwBJ.jpg","id":62837,"imdb":"tt1564349","cast":["Morgan Freeman","Ashley Judd","Harry Connick, Jr.","Nathan Gamble","Kris Kristofferson","Ray McKinnon","Frances Sternhagen","Cozi Zuehlsdorff","Nicholas Turner Martin","Carlos Jorge Guerrero"]},"The Hobbit: An Unexpected Journey":{"revenue":1017003568,"release date":"2012-12-14","poster":"/h1XjBJoWdOh8aegBoVYKgABQZSL.jpg","id":49051,"imdb":"tt0903624","cast":["Ian McKellen","Martin Freeman","Richard Armitage","Andy Serkis","Cate Blanchett","Christopher Lee","Sylvester McCoy","Ian Holm","Elijah Wood","Hugo Weaving"]},"The Adjustment Bureau":{"revenue":125962137,"release date":"2011-03-04","poster":"/g87PqGH9Oo3d3Tbczcfk7ZMAIEk.jpg","id":38050,"imdb":"tt1385826","cast":["Matt Damon","Emily Blunt","John Slattery","Anthony Mackie","Lauren Hodges","Shane McRae","Terence Stamp","Michael Kelly","Lisa Thoreson","Florence Kastriner"]},"Ted":{"revenue":543315487,"release date":"2012-06-29","poster":"/5ExgYTRafm4kFRwHp2jH6C23Yl4.jpg","id":72105,"imdb":"tt1637725","cast":["Mark Wahlberg","Mila Kunis","Seth MacFarlane","Joel McHale","Giovanni Ribisi","Patrick Warburton","Matt Walsh","Jessica Barth","Aedin Mincks","Bill Smitrovich"]},"Wreck-It Ralph":{"revenue":471222889,"release date":"2012-11-02","poster":"/joNE8vVnrT83jbxRcWS3txZwvA0.jpg","id":82690,"imdb":"tt1772341","cast":["John C. Reilly","Jane Lynch","Sarah Silverman","Jack McBrayer","Jamie Elman","Adam Carolla","Alan Tudyk","Mindy Kaling","Joe Lo Truglio","Ed O'Neill"]},"Skyfall":{"revenue":1108694081,"release date":"2012-11-10","poster":"/uVALAeLEMGMf3oYpvdVi4uuaNOo.jpg","id":37724,"imdb":"tt1074638","cast":["Daniel Craig","Judi Dench","Javier Bardem","Ralph Fiennes","Naomie Harris","Bérénice Marlohe","Albert Finney","Ben Whishaw","Rory Kinnear","Ola Rapace"]},"Taken 2":{"revenue":363498446,"release date":"2012-10-04","poster":"/rKz1AQSjRBTFb7VR5YTFC4mfKWW.jpg","id":82675,"imdb":"tt1397280","cast":["Liam Neeson","Maggie Grace","Famke Janssen","Rade Šerbedžija","Luke Grimes","Jon Gries","Leland Orser","D. B. Sweeney","Kevork Malikyan","Alain Figlarz"]},"Lincoln":{"revenue":275293450,"release date":"2012-11-16","poster":"/gkkiDu9srCCbCMxGKwNwKCxK7KF.jpg","id":72976,"imdb":"tt0443272","cast":["Daniel Day-Lewis","Sally Field","David Strathairn","Joseph Gordon-Levitt","James Spader","Hal Holbrook","Tommy Lee Jones","Lee Pace","Jackie Earle Haley","Jared Harris"]},"The Amazing Spider-Man":{"revenue":752215857,"release date":"2012-07-04","poster":"/AtFhFTNbNo49qn7fkbo9lDtRkeR.jpg","id":1930,"imdb":"tt0948470","cast":["Andrew Garfield","Emma Stone","Martin Sheen","Sally Field","Rhys Ifans","Denis Leary","Irrfan Khan","Embeth Davidtz"]},"Snow White and the Huntsman":{"revenue":396600000,"release date":"2012-06-01","poster":"/40iabcM7KQLJzmO8yGm8AvUbxZR.jpg","id":58595,"imdb":"tt1735898","cast":["Charlize Theron","Kristen Stewart","Chris Hemsworth","Sam Claflin","Ian McShane","Ray Winstone","Nick Frost","Toby Jones","Eddie Marsan","Bob Hoskins"]},"Silver Linings Playbook":{"revenue":205738714,"release date":"2012-12-25","poster":"/ilrZAV2klTB0FLxLb01bOp5pzD9.jpg","id":82693,"imdb":"tt1045658","cast":["Bradley Cooper","Jennifer Lawrence","Robert De Niro","Jacki Weaver","Chris Tucker","Anupam Kher","John Ortiz","Shea Whigham","Julia Stiles","Dash Mihok"]},"Men in Black 3":{"revenue":624000000,"release date":"2012-05-25","poster":"/nKHg139bbELC8QxxmJ7m2aOo005.jpg","id":41154,"imdb":"tt1409024","cast":["Will Smith","Tommy Lee Jones","Josh Brolin","Michael Stuhlbarg","Emma Thompson","Jemaine Clement","Nicole Scherzinger","Alice Eve","Bill Hader","Michael Chernus"]},"Ice Age: Continental Drift":{"revenue":875115339,"release date":"2012-07-13","poster":"/u30xsZd3mijrdBKA6CeDsozx48g.jpg","id":57800,"imdb":"tt1667889","cast":["John Leguizamo","Ray Romano","Chris Wedge","Denis Leary","Seann William Scott","Jennifer Lopez","Queen Latifah","Peter Dinklage","Nick Frost","Josh Gad"]},"Les Misérables":{"revenue":440303623,"release date":"2012-12-25","poster":"/qEsrAHoxj746FRb7OLGYjrx1AI3.jpg","id":82695,"imdb":"tt1707386","cast":["Hugh Jackman","Russell Crowe","Anne Hathaway","Amanda Seyfried","Sacha Baron Cohen","Helena Bonham Carter","Eddie Redmayne","Aaron Tveit","Samantha Barks","Daniel Huttlestone"]},"Brave":{"revenue":538983207,"release date":"2012-06-22","poster":"/yctGwK2UNuItxCBAU78U105mmjc.jpg","id":62177,"imdb":"tt1217209","cast":["Kelly Macdonald","Julie Walters","Billy Connolly","Emma Thompson","Kevin McKidd","Craig Ferguson","Robbie Coltrane","Peigi Barker","Steven Cree"]},"Hotel Transylvania":{"revenue":346000000,"release date":"2012-09-27","poster":"/ou0UkqekgRP3oUDBGYFmYI4cxou.jpg","id":76492,"imdb":"tt0837562","cast":["Adam Sandler","Steve Buscemi","David Spade","Kevin James","Selena Gomez","Andy Samberg","Fran Drescher","Molly Shannon","Cee Lo Green","Jon Lovitz"]},"21 Jump Street":{"revenue":53957072,"release date":"2012-03-12","poster":"/mH6xazzfGdszadd1Xy9JgdZYvn1.jpg","id":64688,"imdb":"tt1232829","cast":["Channing Tatum","Jonah Hill","Brie Larson","Ellie Kemper","Ice Cube","Dave Franco","Nick Offerman","Lindsey Broad","Rob Riggle","Johnny Depp"]},"Argo":{"revenue":232324128,"release date":"2012-10-12","poster":"/oai3xLBQHpIh18VJdRCcL7D0Yg0.jpg","id":68734,"imdb":"tt1024648","cast":["Ben Affleck","Bryan Cranston","Alan Arkin","John Goodman","Victor Garber","Tate Donovan","Clea DuVall","Scoot McNairy","Rory Cochrane","Christopher Denham"]},"Safe House":{"revenue":208076205,"release date":"2012-02-10","poster":"/q83VacoG2hHLvORTPtvCXKsdBSN.jpg","id":59961,"imdb":"tt1599348","cast":["Denzel Washington","Ryan Reynolds","Vera Farmiga","Joel Kinnaman","Brendan Gleeson","Sam Shepard","Nora Arnezeder","Liam Cunningham","Fares Fares","Jenna Dover"]},"The Vow":{"revenue":124,"release date":"2012-02-10","poster":"/uh8t52yMz0WWsZkuk1c6i9JgEwE.jpg","id":72570,"imdb":"tt1606389","cast":["Rachel McAdams","Channing Tatum","Sam Neill","Scott Speedman","Jessica Lange","Lucas Bryant","Kristina Pesic","Jessica McNamee","Dillon Casey","Tatiana Maslany"]},"The Bourne Legacy":{"revenue":276572938,"release date":"2012-08-10","poster":"/66na1ha5ejYGsNXbd5ShzwdCMwr.jpg","id":49040,"imdb":"tt1194173","cast":["Jeremy Renner","Scott Glenn","Rachel Weisz","Edward Norton","Stacy Keach","Joan Allen","Donna Murphy","Albert Finney","Michael Chernus","Oscar Isaac"]},"Life of Pi":{"revenue":113525126,"release date":"2012-11-21","poster":"/rXhuBgQyRKB7cW5BRImyVkO89K7.jpg","id":87827,"imdb":"tt0454876","cast":["Suraj Sharma","Irrfan Khan","Ayush Tandon","Gautam Belur","Adil Hussain","Tabu","Rafe Spall","Gérard Depardieu","James Saito","Jun Naito"]},"Rise of the Guardians":{"revenue":302317123,"release date":"2012-11-29","poster":"/fm3GZCt3UV9srUbE5bLr3YXJv67.jpg","id":81188,"imdb":"tt1446192","cast":["Chris Pine","Alec Baldwin","Jude Law","Isla Fisher","Hugh Jackman","Dakota Goyo","Khamani Griffin","Kamil McFadden"]},"Prometheus":{"revenue":403170142,"release date":"2012-06-07","poster":"/idXq7NctkwoH59DRAIQlHEPtn95.jpg","id":70981,"imdb":"tt1446714","cast":["Noomi Rapace","Michael Fassbender","Charlize Theron","Idris Elba","Guy Pearce","Logan Marshall-Green","Sean Harris","Rafe Spall","Emun Elliott","Kate Dickie"]},"Zero Dark Thirty":{"revenue":137720716,"release date":"2012-12-19","poster":"/yg6IDNucLAEj7E5loTyTnUW2pgb.jpg","id":97630,"imdb":"tt1790885","cast":["Jessica Chastain","Jason Clarke","Mark Strong","Joel Edgerton","Chris Pratt","Kyle Chandler","Édgar Ramírez","Mark Duplass","Scott Adkins","Jennifer Ehle"]},"Dark Shadows":{"revenue":245527149,"release date":"2012-05-11","poster":"/jSjpuT6I4j5EECCsABZywX7wpUt.jpg","id":62213,"imdb":"tt1077368","cast":["Johnny Depp","Michelle Pfeiffer","Helena Bonham Carter","Jackie Earle Haley","Jonny Lee Miller","Eva Green","Bella Heathcote","Chloë Grace Moretz","Gulliver McGrath","Christopher Lee"]},"Flight":{"revenue":92741718,"release date":"2012-11-02","poster":"/8XEbkjgorAm9xk15mF63jqJ4ByV.jpg","id":87502,"imdb":"tt1907668","cast":["Denzel Washington","Don Cheadle","Bruce Greenwood","Kelly Reilly","John Goodman","Brian Geraghty","Nadine Velazquez","Tamara Tunie","Melissa Leo"]},"Django Unchained":{"revenue":424032081,"release date":"2012-12-25","poster":"/5WJnxuw41sddupf8cwOxYftuvJG.jpg","id":68718,"imdb":"tt1853728","cast":["Jamie Foxx","Christoph Waltz","Leonardo DiCaprio","Kerry Washington","Samuel L. Jackson","Walton Goggins","Dennis Christopher","James Remar","David Steen","Dana Michelle Gourrier"]},"The Campaign":{"revenue":103430245,"release date":"2012-08-10","poster":"/6uH8BOWN60mu2Vd5z4jCaVWb2ix.jpg","id":77953,"imdb":"tt1790886","cast":["Dylan McDermott","Will Ferrell","Zach Galifianakis","Jason Sudeikis","Sarah Baker","Millard Darden","Kya Haywood","John Lithgow","Dan Aykroyd","Brian Cox"]},"Jack Reacher":{"revenue":217570736,"release date":"2012-12-21","poster":"/38bmEXmuJuInLs9dwfgOGCHmZ7l.jpg","id":75780,"imdb":"tt0790724","cast":["Tom Cruise","Rosamund Pike","Richard Jenkins","David Oyelowo","Werner Herzog","Jai Courtney","Vladimir Sizov","Joe Sikora","Michael Raymond-James","Alexia Fast"]},"The Expendables 2":{"revenue":312573423,"release date":"2012-08-17","poster":"/dJPnTe1qOcO7XqsJvESFph83m6m.jpg","id":76163,"imdb":"tt1764651","cast":["Sylvester Stallone","Jason Statham","Dolph Lundgren","Bruce Willis","Arnold Schwarzenegger","Jean-Claude Van Damme","Chuck Norris","Scott Adkins","Liam Hemsworth","Jet Li"]},"Looper":{"revenue":47042000,"release date":"2012-09-28","poster":"/lbEqxVbzg936a392Z837HTUGvWc.jpg","id":59967,"imdb":"tt1276104","cast":["Joseph Gordon-Levitt","Bruce Willis","Emily Blunt","Paul Dano","Noah Segan","Piper Perabo","Jeff Daniels","Pierce Gagnon","Xu Qing","Tracie Thoms"]},"Act of Valor":{"revenue":64149755,"release date":"2012-02-24","poster":"/rD7zSU8OVAcYg92nB19qIc7spiw.jpg","id":75674,"imdb":"tt1591479","cast":["Roselyn Sánchez","Emilio Rivera","Nestor Serrano","Gonzalo Menendez","Alexander Asefa","Jeffrey Barnachea","Kenny Calderon","Raul Canizales II","Drea Castro","Sam Cespedes"]},"Contraband":{"revenue":63100000,"release date":"2012-01-13","poster":"/1po0IPambMJmBhUD9rwd41M9Jmh.jpg","id":77866,"imdb":"tt1524137","cast":["Mark Wahlberg","Kate Beckinsale","Ben Foster","Giovanni Ribisi","J.K. Simmons","William Lucking","Diego Luna","Caleb Landry Jones","Robert Wahlberg","Lukas Haas"]},"Battleship":{"revenue":302000000,"release date":"2012-05-18","poster":"/7hN6WtMepoMZyeHZU2DM21cEj3z.jpg","id":44833,"imdb":"tt1440129","cast":["Taylor Kitsch","Alexander Skarsgård","Rihanna","Brooklyn Decker","Tadanobu Asano","Liam Neeson","Peter MacNicol","Josh Pence","Jesse Plemons","John Tui"]},"Pitch Perfect":{"revenue":113042075,"release date":"2012-09-28","poster":"/b2dQHjDSsK1CczDSNQx9FrT7OKY.jpg","id":114150,"imdb":"tt1981677","cast":["Anna Kendrick","Skylar Astin","Ben Platt","Brittany Snow","Anna Camp","Rebel Wilson","Alexis Knapp","Ester Dean","Hana Mae Lee","Kelley Jakle"]},"Mirror Mirror":{"revenue":162700692,"release date":"2012-03-30","poster":"/twCU43qv4VVqqsIi1NMnGj2kXmp.jpg","id":62764,"imdb":"tt1667353","cast":["Lily Collins","Julia Roberts","Armie Hammer","Nathan Lane","Jordan Prentice","Mark Povinelli","Joe Gnoffo","Danny Woodburn","Sebastian Saraceno","Martin Klebba"]},"The Hunger Games: Catching Fire":{"revenue":847423452,"release date":"2013-11-22","poster":"/tAhSyLxpaZJCr1oc2a3flvC2B7x.jpg","id":101299,"imdb":"tt1951264","cast":["Jennifer Lawrence","Josh Hutcherson","Sam Claflin","Elizabeth Banks","Alan Ritchson","Jena Malone","Stanley Tucci","Willow Shields","Woody Harrelson","Philip Seymour Hoffman"]},"This Is 40":{"revenue":88058786,"release date":"2012-12-21","poster":"/7JzoqIomMAWIZiwHkIRUMInHZxf.jpg","id":89492,"imdb":"tt1758830","cast":["Paul Rudd","Leslie Mann","Jason Segel","Maude Apatow","Megan Fox","Lena Dunham","Melissa McCarthy","Charlyne Yi","John Lithgow","Robert Smigel"]},"Underworld: Awakening":{"revenue":132400000,"release date":"2012-01-18","poster":"/76GXWKs2IDi0ZERKLT57wkToV0A.jpg","id":52520,"imdb":"tt1496025","cast":["Kate Beckinsale","Stephen Rea","Michael Ealy","Theo James","India Eisley","Charles Dance","Kris Holden-Ried","Sandrine Holt","Richard Cetrone","Sanny Van Heteren"]},"Wrath of the Titans":{"revenue":301,"release date":"2012-03-29","poster":"/Albfq3ziSCQVyh5PzMSsFmmgHmy.jpg","id":57165,"imdb":"tt1646987","cast":["Liam Neeson","Sam Worthington","Ralph Fiennes","Rosamund Pike","Bill Nighy","Toby Kebbell","Danny Huston","Édgar Ramírez","John Bell","Lily James"]},"The Dictator":{"revenue":167650222,"release date":"2012-05-16","poster":"/uAvG211cGNKSFyPzXFVMZzjkBB8.jpg","id":76493,"imdb":"tt1645170","cast":["Sacha Baron Cohen","Sayed Badreya","Aasif Mandvi","Megan Fox","Anna Faris","John C. Reilly","Michelle Bergh","Adeel Akhtar","Ben Kingsley","Olivia Taylor Dudley"]},"Chronicle":{"revenue":145000000,"release date":"2012-02-02","poster":"/6uaJhUNP1VXyRQS6cGyQD4RbZsj.jpg","id":76726,"imdb":"tt1706593","cast":["Dane DeHaan","Alex Russell","Michael Kelly","Michael B. Jordan","Anna Wood","Ashley Hinshaw","Joe Vaz","Luke Tyler"]},"Gravity":{"revenue":536000000,"release date":"2013-10-04","poster":"/2gPjLWIyrWlAn2DgKMOKTBnZYyO.jpg","id":49047,"imdb":"tt1454468","cast":["Sandra Bullock","George Clooney","Ed Harris","Orto Ignatiussen","Paul Sharma","Amy Warren","Basher Savage"]},"Iron Man 3":{"revenue":1198459803,"release date":"2013-05-03","poster":"/1Ilv6ryHUv6rt9zIsbSEJUmmbEi.jpg","id":68721,"imdb":"tt1300854","cast":["Robert Downey Jr.","Gwyneth Paltrow","Guy Pearce","Don Cheadle","Ben Kingsley","Rebecca Hall","Jon Favreau","Paul Bettany","William Sadler","James Badge Dale"]},"Frozen":{"revenue":712680546,"release date":"2013-11-19","poster":"/jIjdFXKUNtdf1bwqMrhearpyjMj.jpg","id":109445,"imdb":"tt2294629","cast":["Kristen Bell","Idina Menzel","Jonathan Groff","Josh Gad","Santino Fontana","Alan Tudyk","Ciarán Hinds","Christopher Williams","Stephen J. Anderson","Maia Wilson"]},"Man of Steel":{"revenue":662845518,"release date":"2013-06-14","poster":"/uKnhbfNt1ZR2TdoZpdn7vSNZlhX.jpg","id":49521,"imdb":"tt0770828","cast":["Henry Cavill","Amy Adams","Michael Shannon","Diane Lane","Russell Crowe","Antje Traue","Kevin Costner","Christopher Meloni","Laurence Fishburne","Jadin Gould"]},"Fast & Furious 6":{"revenue":788679850,"release date":"2013-05-22","poster":"/9asHoz3cdKAaT8EFBntv3UXPJP.jpg","id":82992,"imdb":"tt1905041","cast":["Paul Walker","Vin Diesel","Dwayne Johnson","Jordana Brewster","Luke Evans","Michelle Rodriguez","Tyrese Gibson","Gal Gadot","Sung Kang","Ludacris"]},"Despicable Me 2":{"revenue":970761885,"release date":"2013-07-02","poster":"/omNZfb0L2ak0TOgXt9A4llhj5kP.jpg","id":93456,"imdb":"tt1690953","cast":["Steve Carell","Kristen Wiig","Benjamin Bratt","Miranda Cosgrove","Russell Brand","Ken Jeong","Steve Coogan","Elsie Kate Fisher","Dana Gaier","Moisés Arias"]},"World War Z":{"revenue":531865000,"release date":"2013-06-21","poster":"/gAt1PrsrFY1nX6UzebeiHP8njE9.jpg","id":72190,"imdb":"tt0816711","cast":["Brad Pitt","Mireille Enos","James Badge Dale","Elyes Gabel","David Andrews","Abigail Hargrove","Daniella Kertesz","Ludi Boeken","Matthew Fox","Fana Mokoena"]},"Star Trek Into Darkness":{"revenue":467365246,"release date":"2013-05-16","poster":"/41mhrXASAW3sdn7LBWF49uCX0xi.jpg","id":54138,"imdb":"tt1408101","cast":["Chris Pine","Zachary Quinto","Zoe Saldana","Karl Urban","Simon Pegg","John Cho","Benedict Cumberbatch","Anton Yelchin","Bruce Greenwood","Alice Eve"]},"Oz: The Great and Powerful":{"revenue":491868548,"release date":"2013-03-08","poster":"/7qzLIcYR7ev7iXngY8NKHBZHwwT.jpg","id":68728,"imdb":"tt1623205","cast":["James Franco","Mila Kunis","Rachel Weisz","Michelle Williams","Zach Braff","Bill Cobbs","Joey King","Tony Cox","Stephen R. Hart","Abigail Spencer"]},"The Heat":{"revenue":158674180,"release date":"2013-06-28","poster":"/tM3hDt8JcU8Y8i6vzTcbnocM2bx.jpg","id":136795,"imdb":"tt2404463","cast":["Sandra Bullock","Melissa McCarthy","Demián Bichir","Michael Rapaport","Taran Killam","Marlon Wayans","Andy Buckley","Bill Burr","Steve Bannos","Jane Curtin"]},"Identity Thief":{"revenue":173965010,"release date":"2013-02-09","poster":"/lOF4rI6SxgRsVLW8odsauqnhB9Z.jpg","id":109431,"imdb":"tt2024432","cast":["Jason Bateman","Melissa McCarthy","Jon Favreau","Amanda Peet","T.I.","Génesis Rodríguez","Morris Chestnut","John Cho","Robert Patrick","Eric Stonestreet"]},"The Croods":{"revenue":585178928,"release date":"2013-03-21","poster":"/eHi3Nbgh6Cs2KiIyEMF4Ig4CdjX.jpg","id":49519,"imdb":"tt0481499","cast":["Nicolas Cage","Emma Stone","Ryan Reynolds","Catherine Keener","Cloris Leachman","Clark Duke"]},"The Conjuring":{"revenue":318000141,"release date":"2013-07-19","poster":"/xYGkdhOEVoFrLNUotuTXemtQAWd.jpg","id":138843,"imdb":"tt1457767","cast":["Patrick Wilson","Vera Farmiga","Lili Taylor","Ron Livingston","Hayley McFarland","Mackenzie Foy","Joey King","Shanley Caswell","Shannon Kook-Chun","Kyla Deaver"]},"G.I. Joe: Retaliation":{"revenue":371876278,"release date":"2013-03-29","poster":"/swk1AHwPvIJv8NUFM1qpFuaT642.jpg","id":72559,"imdb":"tt1583421","cast":["Bruce Willis","Channing Tatum","Dwayne Johnson","Jonathan Pryce","Lee Byung-hun","Elodie Yung","Ray Stevenson","D.J. Cotrona","Adrianne Palicki","Ray Park"]},"Cloudy with a Chance of Meatballs 2":{"revenue":248384621,"release date":"2013-09-27","poster":"/qg3GeUl9lS0EtInt4d9Q8H7zyls.jpg","id":109451,"imdb":"tt1985966","cast":["Neil Patrick Harris","Anna Faris","Terry Crews","James Caan","Andy Samberg","Kristen Schaal","Bill Hader","Benjamin Bratt","Will Forte","Melissa Sturm"]},"Now You See Me":{"revenue":117698894,"release date":"2013-05-31","poster":"/A06e9YJ5ry3WXEIFIAD1mKBxcuZ.jpg","id":75656,"imdb":"tt1670345","cast":["Jesse Eisenberg","Mark Ruffalo","Woody Harrelson","Isla Fisher","Dave Franco","Mélanie Laurent","Morgan Freeman","Michael Caine","Michael Kelly","Common"]},"The Butler":{"revenue":115922175,"release date":"2013-08-16","poster":"/hUjEYTN5NuK8kYRQxngS7itpBQC.jpg","id":132363,"imdb":"tt1327773","cast":["Forest Whitaker","David Banner","Michael Rainey Jr.","LaJessie Smith","Mariah Carey","Alex Pettyfer","Vanessa Redgrave","Ami Ameen","Clarence Williams III","John P. Fertitta"]},"The Wolverine":{"revenue":132440673,"release date":"2013-07-25","poster":"/9wZFonA8gaMgebNMpWJ81xf5eBe.jpg","id":76170,"imdb":"tt1430132","cast":["Hugh Jackman","Tao Okamoto","Rila Fukushima","Hiroyuki Sanada","Svetlana Khodchenkova","Brian Tee","Hal Yamanouchi","Will Yun Lee","Ken Yamamura","Famke Janssen"]},"Olympus Has Fallen":{"revenue":161025640,"release date":"2013-03-22","poster":"/a2r2mvky2D5QCyYLdu2c3A4LOmb.jpg","id":117263,"imdb":"tt2302755","cast":["Gerard Butler","Aaron Eckhart","Angela Bassett","Morgan Freeman","Radha Mitchell","Rick Yune","Dylan McDermott","Finley Jacobsen","Tory Kittles","Shanna Forrestall"]},"Pacific Rim":{"revenue":407602906,"release date":"2013-07-12","poster":"/sCJEwEShZvruTpQ2a4yiX3Q9EyZ.jpg","id":68726,"imdb":"tt1663662","cast":["Idris Elba","Charlie Hunnam","Charlie Day","Ron Perlman","Burn Gorman","Rinko Kikuchi","Max Martini","Robert Maillet","Robert Kazinsky","Larry Joe Campbell"]},"Captain Phillips":{"revenue":95000000,"release date":"2013-10-11","poster":"/AnMTMPTUzeWNbYxzp29WqYf1br1.jpg","id":109424,"imdb":"tt1535109","cast":["Tom Hanks","Catherine Keener","Max Martini","Chris Mulkey","Yul Vazquez","Corey Johnson","David Warshofsky","John Magaro","Michael Chernus","Angus MacInnes"]},"Jackass Presents: Bad Grandpa":{"revenue":145941988,"release date":"2013-10-25","poster":"/9XJ1RICUVM8nxSHFphl5c6ZyQtH.jpg","id":208134,"imdb":"tt3063516","cast":["Johnny Knoxville","Jackson Nicoll","Georgina Cates","Spike Jonze","Catherine Keener","Kamber Hejlik","Jack Polick","Grasie Mercedes"]},"Elysium":{"revenue":286140700,"release date":"2013-08-09","poster":"/tHkjoAxmhp3Eau1h0Ir7maKMwUz.jpg","id":68724,"imdb":"tt1535108","cast":["Matt Damon","Jodie Foster","Sharlto Copley","Alice Braga","Diego Luna","Wagner Moura","William Fichtner","Faran Tahir","Jose Pablo Cantillo","Maxwell Perry Cotton"]},"Oblivion":{"revenue":286166958,"release date":"2013-04-18","poster":"/uhUc8ThNmzqd33eqRLWsv4kw92o.jpg","id":75612,"imdb":"tt1483013","cast":["Tom Cruise","Olga Kurylenko","Andrea Riseborough","Nikolaj Coster-Waldau","Morgan Freeman","Melissa Leo","Zoë Bell","Abigail Lowe","Isabelle Lowe","David Madison"]},"White House Down":{"revenue":205366737,"release date":"2013-06-28","poster":"/niYdnzkrtBduR5lKtfeLXKXNaTT.jpg","id":117251,"imdb":"tt2334879","cast":["Channing Tatum","Jamie Foxx","Joey King","Maggie Gyllenhaal","Richard Jenkins","James Woods","Nicolas Wright","Jimmi Simpson","Michael Murphy","Rachelle Lefevre"]},"Safe Haven":{"revenue":67558495,"release date":"2013-02-14","poster":"/hzXurvrzM4T741O36Fv4mZ7Zkxo.jpg","id":112949,"imdb":"tt1702439","cast":["Julianne Hough","Josh Duhamel","Cobie Smulders","David Lyons","Mike Pniewski"]},"Saving Mr. Banks":{"revenue":82590208,"release date":"2013-12-20","poster":"/gBJXZl0HiJ2uRjIfW2kb88hJfPF.jpg","id":140823,"imdb":"tt2140373","cast":["Emma Thompson","Tom Hanks","Annie Rose Buckley","Colin Farrell","Ruth Wilson","Paul Giamatti","Bradley Whitford","B. J. Novak","Jason Schwartzman","Kathy Baker"]},"Mama":{"revenue":146497771,"release date":"2013-01-18","poster":"/8yy5nw7SD4VZMZIlebS96HDpp2g.jpg","id":132232,"imdb":"tt2023587","cast":["Jessica Chastain","Nikolaj Coster-Waldau","Megan Charpentier","Isabelle Nélisse","Daniel Kash"]},"The Smurfs 2":{"revenue":347434178,"release date":"2013-07-31","poster":"/mF2FXzZ3EktWoagU4fzoabNsK6J.jpg","id":77931,"imdb":"tt2017020","cast":["Neil Patrick Harris","Christina Ricci","Katy Perry","Hank Azaria","Brendan Gleeson","Alan Cumming","Jayma Mays","Jonathan Winters","J. B. Smoove","George Lopez"]},"Percy Jackson: Sea of Monsters":{"revenue":174578751,"release date":"2013-08-07","poster":"/cjNvhte8I318miZucl9MIFFyWQJ.jpg","id":76285,"imdb":"tt1854564","cast":["Logan Lerman","Alexandra Daddario","Douglas Smith","Leven Rambin","Brandon T. Jackson","Jake Abel","Anthony Stewart Head","Stanley Tucci","Nathan Fillion","Derek Mears"]},"Jack the Giant Slayer":{"revenue":197687603,"release date":"2013-03-01","poster":"/wn4aSJcKiQ0fPzJ92XEf6M9Kmlo.jpg","id":81005,"imdb":"tt1351685","cast":["Nicholas Hoult","Eleanor Tomlinson","Ewan McGregor","Stanley Tucci","Ian McShane","Eddie Marsan","Ewen Bremner","Warwick Davis","Bill Nighy","Ralph Brown"]},"A Good Day to Die Hard":{"revenue":304654182,"release date":"2013-02-14","poster":"/7JKli6FqxK6kEsNRUW8JVGmGSNI.jpg","id":47964,"imdb":"tt1606378","cast":["Bruce Willis","Jai Courtney","Sebastian Koch","Mary Elizabeth Winstead","Yuliya Snigir","Radivoje Bukvić","Cole Hauser","Amaury Nolasco","Sergey Kolesnikov","Roman Luknár"]},"Warm Bodies":{"revenue":116000000,"release date":"2013-02-01","poster":"/8mE2wRdp9FzCHFPnQmpWN59I6xv.jpg","id":82654,"imdb":"tt1588173","cast":["Nicholas Hoult","Teresa Palmer","Analeigh Tipton","Rob Corddry","Dave Franco","John Malkovich","Cory Hardrict","Daniel Rindress-Kay","Vincent Leclerc","Robert Reynolds"]}}