{"21":{"revenue":69823199,"release_date":"2008-03-27","poster":"/4zKAgycQDJD2zIkmPYV3aMR8tEy.jpg","id":8065,"imdb":"tt0478087","cast":["Jim Sturgess","Kevin Spacey","Kate Bosworth","Aaron Yoo","Liza Lapira","Jacob Pitts","Laurence Fishburne","Jack McGee","Josh Gad","Sam Golzari"],"metascore":48},"42":{"revenue":94380428,"release_date":"2013-04-12","poster":"/vlP18ooLmvYVNnqidbot0FupY05.jpg","id":109410,"imdb":"tt0453562","cast":["Chadwick Boseman","T.R. Knight","Harrison Ford","Nicole Beharie","Christopher Meloni","John C. McGinley","Ryan Merriman","Jud Tylor","Brett Cullen","Brad Beyer"],"metascore":62},"300":{"revenue":422610419,"release_date":"2006-12-08","poster":"/bYR8O1H1ZlME7Dm9ysfTYZnRDpw.jpg","id":1271,"imdb":"tt0416449","cast":["Gerard Butler","Lena Headey","Dominic West","David Wenham","Vincent Regan","Michael Fassbender","Tom Wisdom","Andrew Tiernan","Andrew Pleavin","Rodrigo Santoro"],"metascore":51},"1408":{"revenue":94679598,"release_date":"2007-12-06","poster":"/4onX7UF2MPUgIpkUerLC3dpVfNZ.jpg","id":3021,"imdb":"tt0450385","cast":["John Cusack","Samuel L. Jackson","Mary McCormack","Jasmine Jessica Anthony","Tony Shalhoub","Alexandra Silber","Emily Harvey","Noah Lee Margetts","William Armstrong","Paul Birchard"],"metascore":64},"2012":{"revenue":769653595,"release_date":"2009-10-10","poster":"/5tIW9nTuxxy8iXSvsKJqFDVZpyg.jpg","id":14161,"imdb":"tt1190080","cast":["John Cusack","Amanda Peet","Chiwetel Ejiofor","Thandie Newton","Oliver Platt","Thomas McCarthy","Woody Harrelson","Danny Glover","Liam James","Morgan Lily"],"metascore":49},"Jurassic Park":{"revenue":920100000,"release_date":"1993-06-08","poster":"/msfyV01zy5dxy4JlXCpEVFRXwGO.jpg","id":329,"imdb":"tt0107290","cast":["Sam Neill","Laura Dern","Jeff Goldblum","Richard Attenborough","Bob Peck","Martin Ferrero","Joseph Mazzello","Ariana Richards","Samuel L. Jackson","BD Wong"],"metascore":68},"Sleepless in Seattle":{"revenue":227799884,"release_date":"1993-06-24","poster":"/lUM9NBKwZ1RzBdScDLMkAtYuM9t.jpg","id":858,"imdb":"tt0108160","cast":["Tom Hanks","Meg Ryan","Bill Pullman","Ross Malinger","Rosie O'Donnell","Gaby Hoffmann","Victor Garber","Rita Wilson","Barbara Garrick","Rob Reiner"],"metascore":72},"Mrs. Doubtfire":{"revenue":441286195,"release_date":"1993-11-24","poster":"/eSz8308woe6oLyDu7UkrLK5gZDi.jpg","id":788,"imdb":"tt0107614","cast":["Robin Williams","Sally Field","Pierce Brosnan","Harvey Fierstein","Polly Holliday","Lisa Jakub","Matthew Lawrence","Mara Wilson","Robert Prosky","Anne Haney"],"metascore":53},"The Fugitive":{"revenue":368875760,"release_date":"1993-08-05","poster":"/wT4WciVkwwcMYFZpdnaId3d14s7.jpg","id":5503,"imdb":"tt0106977","cast":["Harrison Ford","Tommy Lee Jones","Sela Ward","Julianne Moore","Thomas Mills Wood","Joe Pantoliano","Andreas Katsulas","Jeroen Krabbé","Daniel Roebuck","L. Scott Caldwell"],"metascore":88},"In the Line of Fire":{"revenue":102243874,"release_date":"1993-07-08","poster":"/k96sIyWl6N9k1uneF51UN4Fzhne.jpg","id":9386,"imdb":"tt0107206","cast":["Clint Eastwood","Rene Russo","John Malkovich","Dylan McDermott","Gary Cole","Fred Thompson","Tobin Bell"],"metascore":74},"Indecent Proposal":{"revenue":266614059,"release_date":"1993-04-07","poster":"/uDKSC4w6N2fCqc3sj6ZbmhePDCp.jpg","id":4478,"imdb":"tt0107211","cast":["Robert Redford","Demi Moore","Woody Harrelson","Seymour Cassel","Oliver Platt","Billy Bob Thornton","Billy Connolly","Rip Taylor","Pierre Epstein"],"metascore":35},"Cliffhanger":{"revenue":255000000,"release_date":"1993-05-28","poster":"/8XefYka77ypAnPJvaVlfUGBBs4a.jpg","id":9350,"imdb":"tt0106582","cast":["Sylvester Stallone","John Lithgow","Michael Rooker","Janine Turner","Rex Linn","Caroline Goodall","Leon Robinson","Craig Fairbrass","Gregory Scott Cummins","Denis Forest"],"metascore":60},"Free Willy":{"revenue":153698625,"release_date":"1993-07-16","poster":"/5Os6y44EBABDl55oM6Fu3g1bCsU.jpg","id":1634,"imdb":"tt0106965","cast":["Jason James Richter","Lori Petty","August Schellenberg","Michael Madsen","Jayne Atkinson","Michael Ironside","Richard Riehle","Mykelti Williamson","Michael Bacall","Danielle Harris"],"metascore":79},"Philadelphia":{"revenue":77324422,"release_date":"1993-12-22","poster":"/uyUSC7oX0alcAG9q6vke8WHGKkY.jpg","id":9800,"imdb":"tt0107818","cast":["Roberta Maxwell","Buzz Kilman","Antonio Banderas","Denzel Washington","Tom Hanks","Karen Finley","Daniel Chapman","Mark Sorensen Jr.","Jeffrey Williamson","Charles Glenn"],"metascore":66},"Groundhog Day":{"revenue":70906973,"release_date":"1993-02-11","poster":"/vXjVd0Vu0MXRZnga7wEnHIIhO5B.jpg","id":137,"imdb":"tt0107048","cast":["Bill Murray","Andie MacDowell","Chris Elliott","Stephen Tobolowsky","Brian Doyle-Murray","Angela Paton","Rick Ducommun","Rick Overton","Robin Duke","Willie Garson"],"metascore":72},"Schindler's List":{"revenue":321265768,"release_date":"1993-11-29","poster":"/yPisjyLweCl1tbgwgtzBCNCBle.jpg","id":424,"imdb":"tt0108052","cast":["Liam Neeson","Ben Kingsley","Ralph Fiennes","Caroline Goodall","Jonathan Sagall","Embeth Davidtz","Malgoscha Gebel","Shmuel Levy","Mark Ivanir","Béatrice Macola"],"metascore":93},"Cool Runnings":{"revenue":154864401,"release_date":"1993-09-30","poster":"/9Jgk3T2EczJ55rElJpBJAaxeQd.jpg","id":864,"imdb":"tt0106611","cast":["Leon Robinson","Doug E. Doug","Rawle D. Lewis","Malik Yoba","John Candy","Raymond J. Barry","Peter Outerbridge","Paul Coeur","Larry Gilman","Kristoffer Cooper"],"metascore":null},"Last Action Hero":{"revenue":137298489,"release_date":"1993-06-17","poster":"/yeLurMF2Xy3nex17hBbxft6zGR0.jpg","id":9593,"imdb":"tt0107362","cast":["Arnold Schwarzenegger","Austin O'Brien","Charles Dance","F. Murray Abraham","Art Carney","Anthony Quinn","Ian McKellen","Frank McRae","Mercedes Ruehl","Tina Turner"],"metascore":44},"Demolition Man":{"revenue":159055768,"release_date":"1993-10-06","poster":"/k0PN3Ho12cGGIVJW7SCS7apLYaP.jpg","id":9739,"imdb":"tt0106697","cast":["Sylvester Stallone","Wesley Snipes","Sandra Bullock","Nigel Hawthorne","Denis Leary","Benjamin Bratt","Bob Gunton","Bill Cobbs","Brandy Ledford","Jesse Ventura"],"metascore":34},"The Three Musketeers":{"revenue":53898845,"release_date":"1993-11-11","poster":"/6bPUpY3mO8OFBPdYoCqFs2FMK4g.jpg","id":10057,"imdb":"tt0108333","cast":["Charlie Sheen","Kiefer Sutherland","Chris O'Donnell","Oliver Platt","Tim Curry","Julie Delpy","Rebecca De Mornay","Gabrielle Anwar","Maria Ford"],"metascore":null},"Tombstone":{"revenue":56505065,"release_date":"1993-12-25","poster":"/yU4e7OAJruAQpAsakzbDpPsQrU7.jpg","id":11969,"imdb":"tt0108358","cast":["Kurt Russell","Val Kilmer","Sam Elliott","Bill Paxton","Stephen Lang","Powers Boothe","Michael Biehn","Charlton Heston","Dana Delany","Thomas Haden Church"],"metascore":null},"Dennis the Menace":{"revenue":117270765,"release_date":"1993-06-23","poster":"/5aFGZkNctU77ls0RAqiypNtCqhw.jpg","id":12139,"imdb":"tt0106701","cast":["Walter Matthau","Mason Gamble","Joan Plowright","Christopher Lloyd","Lea Thompson","Robert Stanton","Paul Winfield"],"metascore":null},"Dave":{"revenue":63000000,"release_date":"1993-05-07","poster":"/d8RP3iz7QVlkPAuEX4y6jMd2rC2.jpg","id":11566,"imdb":"tt0106673","cast":["Kevin Kline","Sigourney Weaver","Frank Langella","Kevin Dunn","Ving Rhames","Ben Kingsley","Charles Grodin","Faith Prince","Laura Linney","Bonnie Hunt"],"metascore":null},"Addams Family Values":{"revenue":48919043,"release_date":"1993-11-19","poster":"/zEwEXGDvJ8Ou2s6XbLMPvMTX53S.jpg","id":2758,"imdb":"tt0106220","cast":["Joan Cusack","Anjelica Huston","Raúl Juliá","Christopher Lloyd","Christina Ricci","Carel Struycken","Harriet Sansom Harris","Julie Halston","Barry Sonnenfeld","Jimmy Workman"],"metascore":null},"Falling Down":{"revenue":40903593,"release_date":"1993-02-26","poster":"/jBHJWSUvvOIZkXG067vwVRWvohB.jpg","id":37094,"imdb":"tt0106856","cast":["Michael Douglas","Robert Duvall","Barbara Hershey","Tuesday Weld"],"metascore":56},"Malice":{"revenue":46405336,"release_date":"1993-09-29","poster":"/zswEZJxYqkxY7ezLJqobiCXl9JP.jpg","id":2246,"imdb":"tt0107497","cast":["Nicole Kidman","Alec Baldwin","Bill Pullman","Bebe Neuwirth","George C. Scott","Anne Bancroft","Peter Gallagher","Josef Sommer","Tobin Bell","Gwyneth Paltrow"],"metascore":null},"Sommersby":{"revenue":140081992,"release_date":"1993-02-05","poster":"/57vzXsoZhfIotlVNxxTmRACixVg.jpg","id":1049,"imdb":"tt0108185","cast":["Jodie Foster","Richard Gere","Bill Pullman","James Earl Jones","Lanny Flaherty","William Windom","Wendell Wellman","Brett Kelley","Clarice Taylor","Frankie Faison"],"metascore":null},"The Good Son":{"revenue":44456478,"release_date":"1993-09-24","poster":"/813ZVK1ox32vr3FexdTlv9PHFD6.jpg","id":9272,"imdb":"tt0107034","cast":["Macaulay Culkin","Elijah Wood","Wendy Crewson","David Morse","Daniel Hugh Kelly","Quinn Culkin","Jacqueline Brookes","Ashley Crow","Guy Strauss","Keith Brava"],"metascore":null},"Teenage Mutant Ninja Turtles III":{"revenue":42,"release_date":"1993-03-17","poster":"/kUo0VrYs4t7YdDGvZf06gVDbkre.jpg","id":1499,"imdb":"tt0108308","cast":["Matt Hill","Jim Raposa","David Fraser","Mark Caso","Paige Turco","Paige Turco"],"metascore":null},"Dragon: The Bruce Lee Story":{"revenue":63513743,"release_date":"1993-05-07","poster":"/3YqsQjPqVEYyyuV7STAzA1I6hvK.jpg","id":10423,"imdb":"tt0106770","cast":["Jason Scott Lee","Lauren Holly","Robert Wagner","Michael Learned","Nancy Kwan"],"metascore":null},"The Piano":{"revenue":116700000,"release_date":"1993-11-12","poster":"/5WxnGUZLleNyWFGaXvP6NFglpmV.jpg","id":713,"imdb":"tt0107822","cast":["Holly Hunter","Harvey Keitel","Sam Neill","Anna Paquin","Tungia Baker","Kerry Walker","Ian Mune","Cliff Curtis","Genevieve Lemon","Pete Smith"],"metascore":89},"Hocus Pocus":{"revenue":39514713,"release_date":"1993-07-16","poster":"/okCXNIX9QXNXbWM9NBnKlMpYVBd.jpg","id":10439,"imdb":"tt0107120","cast":["Bette Midler","Sarah Jessica Parker","Kathy Najimy","Omri Katz","Thora Birch","Vinessa Shaw","Jodie Rivera","Larry Bagby","Tobias Jelinek","Stephanie Faracy"],"metascore":null},"Son in Law":{"revenue":36448200,"release_date":"1993-07-02","poster":"/RiNCq62ElEQ987o5gcMuqjTrb2.jpg","id":13203,"imdb":"tt0108186","cast":["Pauly Shore","Carla Gugino","Lane Smith","Tiffani Thiessen","Cindy Pickett","Mason Adams","Patrick Renna","Dan Gauthier","Dennis Burkley"],"metascore":null},"Alive":{"revenue":36733909,"release_date":"1993-01-15","poster":"/l3DEAdm0XqrZVMbq2pvvQwux6qk.jpg","id":7305,"imdb":"tt0106246","cast":["Ethan Hawke","Vincent Spano","Bruce Ramsay","David Kriegel","Josh Hamilton","John Newton","Christian J. Meoli","Michael DeLorenzo","Danny Nucci","Ele Keats"],"metascore":null},"The Joy Luck Club":{"revenue":32861136,"release_date":"1993-09-08","poster":"/k2PXjfyGSQ7nMLoofsFv75XQkX7.jpg","id":19931,"imdb":"tt0107282","cast":["Ming-Na Wen","Lauren Tom","Tamlyn Tomita","Rosalind Chao","France Nuyen","Tsai Chin","Kieu Chinh","Lisa Lu","Chao Li Chi","Victor Wong"],"metascore":84},"Robin Hood:  Men in Tights":{"revenue":35739755,"release_date":"1993-07-28","poster":"/3pd3sdot0HfQTFzqgTUzaF4kcxP.jpg","id":8005,"imdb":"tt0107977","cast":["Cary Elwes","Dom DeLuise","Roger Rees","Dave Chappelle","Eric Allan Kramer","Patrick Stewart","Megan Cavanagh","Richard Lewis"],"metascore":null},"Sliver":{"revenue":116300000,"release_date":"1993-05-21","poster":"/av21Dfu31DQPtp5jkorMMS58rQC.jpg","id":867,"imdb":"tt0108162","cast":["Sharon Stone","William Baldwin","Tom Berenger","Polly Walker","Colleen Camp","Amanda Foreman","Martin Landau","Nina Foch","Keene Curtis","Nicholas Pryor"],"metascore":null},"Hot Shots! Part Deux":{"revenue":38612933,"release_date":"1993-05-21","poster":"/x6yVFU815O2c5YpcIgWeK789IZ9.jpg","id":9255,"imdb":"tt0107144","cast":["Charlie Sheen","Lloyd Bridges","Valeria Golino","Richard Crenna","Rowan Atkinson","Miguel Ferrer","Brenda Bakke","Jerry Haleva","David Wohl","Mitchell Ryan"],"metascore":null},"National Lampoon's Loaded Weapon 1":{"revenue":27,"release_date":"1993-02-04","poster":"/zPut5Wntpt2H0brlPwhC9k4wyfg.jpg","id":9644,"imdb":"tt0107659","cast":["Emilio Estevez","Samuel L. Jackson","Jon Lovitz","Tim Curry","Kathy Ireland","Whoopi Goldberg","William Shatner","Frank McRae","F. Murray Abraham","Richard Moll"],"metascore":null},"Carlito's Way":{"revenue":36516012,"release_date":"1993-11-10","poster":"/2vW1zhnc0BQSbPhYWC1mzrDjzHe.jpg","id":6075,"imdb":"tt0106519","cast":["Al Pacino","Sean Penn","Penelope Ann Miller","John Leguizamo","Ingrid Rogers","Luis Guzmán","Adrian Pasdar","Viggo Mortensen","James Rebhorn","Joseph Siravo"],"metascore":null},"Hard Target":{"revenue":74189677,"release_date":"1993-08-20","poster":"/mtzeHTFmwxlseFXL2BLSwLhGpVq.jpg","id":2019,"imdb":"tt0107076","cast":["Jean-Claude Van Damme","Arnold Vosloo","Lance Henriksen","Yancy Butler","Willie C. Carpenter","Eliott Keener","Sven-Ole Thorsen","Chuck Pfarrer","Robert Apisa","Douglas Forsythe Rye"],"metascore":null},"The Sandlot":{"revenue":32416586,"release_date":"1993-04-07","poster":"/fKJUQrAm5QbVR5DqgH9U5IflHGQ.jpg","id":11528,"imdb":"tt0108037","cast":["Tom Guiry","Mike Vitar","James Earl Jones","Patrick Renna","Chauncey Leopardi","Marley Shelton","Daniel Zacapa","Herb Muller","Karen Allen","Denis Leary"],"metascore":null},"Menace II Society":{"revenue":27900000,"release_date":"1993-05-26","poster":"/xQBhpSIs9bTvbdoihOW3YvL4CT2.jpg","id":9516,"imdb":"tt0107554","cast":["Tyrin Turner","Larenz Tate","Glenn Plummer","Jada Pinkett Smith","Samuel L. Jackson","June Kyoto Lu","Toshi Toda","Reginald Ballard","Khandi Alexander","Jullian Roy Doster"],"metascore":76},"Forrest Gump":{"revenue":679400000,"release_date":"1994-06-22","poster":"/y3EsNpMFwvpcucLmx4HiiRRhCXV.jpg","id":13,"imdb":"tt0109830","cast":["Tom Hanks","Sally Field","Robin Wright","Mykelti Williamson","Gary Sinise","Haley Joel Osment","Hanna Hall","Siobhan Fallon","Afemo Omilami"],"metascore":82},"True Lies":{"revenue":364300000,"release_date":"1994-07-14","poster":"/rjrs1Eue2KOTlZtawjuDGJaQ1sT.jpg","id":36955,"imdb":"tt0111503","cast":["Arnold Schwarzenegger","Jamie Lee Curtis","Tom Arnold","Bill Paxton","Eliza Dushku","Charlton Heston","Art Malik","Tia Carrere","Grant Heslov"],"metascore":63},"Poetic Justice":{"revenue":27515786,"release_date":"1993-07-23","poster":"/vfXuJbZucP2hgkuthwMyz1IEM8s.jpg","id":8291,"imdb":"tt0107840","cast":["Janet Jackson","Tupac Shakur","Regina King","Joe Torry","Tyra Ferrell","Roger Guenveur Smith","Billy Zane","Khandi Alexander","Maya Angelou","Lori Petty"],"metascore":51},"The Flintstones":{"revenue":341631208,"release_date":"1994-05-26","poster":"/kCJofdPv2HqiKeUJ0743Ae4UlFr.jpg","id":888,"imdb":"tt0109813","cast":["John Goodman","Elizabeth Perkins","Rick Moranis","Rosie O'Donnell","Kyle MacLachlan","Halle Berry","Elizabeth Taylor","Dann Florek","Richard Moll","Irwin Keyes"],"metascore":38},"Clear and Present Danger":{"revenue":207500000,"release_date":"1994-08-02","poster":"/avRDucB3FLf1Xz5532hbOYd1giX.jpg","id":9331,"imdb":"tt0109444","cast":["Harrison Ford","Anne Archer","Donald Moffat","Willem Dafoe","James Earl Jones","Joaquim de Almeida","Henry Czerny","Harris Yulin","Donald Moffat","Miguel Sandoval"],"metascore":74},"In the Name of the Father":{"revenue":25096862,"release_date":"1993-12-12","poster":"/weBEg8wOLQD7NrLeEb9rTL0VjlW.jpg","id":7984,"imdb":"tt0107207","cast":["Daniel Day-Lewis","Emma Thompson","Pete Postlethwaite","John Lynch","Beatie Edney","Mark Sheppard"],"metascore":84},"Speed":{"revenue":350448145,"release_date":"1994-06-09","poster":"/aWSmdu8CFELYL1FEGLFq55Ee7Rl.jpg","id":1637,"imdb":"tt0111257","cast":["Keanu Reeves","Sandra Bullock","Dennis Hopper","Jeff Daniels","Joe Morton","Glenn Plummer","Hawthorne James","Carlos Carrasco","Beth Grant","Richard Lineback"],"metascore":78},"The Lion King":{"revenue":788241776,"release_date":"1994-06-23","poster":"/bKPtXn9n4M4s8vvZrbw40mYsefB.jpg","id":8587,"imdb":"tt0110357","cast":["Jonathan Taylor Thomas","Matthew Broderick","James Earl Jones","Jeremy Irons","Moira Kelly","Niketa Calame","Ernie Sabella","Nathan Lane","Robert Guillaume","Rowan Atkinson"],"metascore":83},"Dumb and Dumber":{"revenue":246200000,"release_date":"1994-12-16","poster":"/st4P2TtPrAfNwu8HLXoPsPPii42.jpg","id":8467,"imdb":"tt0109686","cast":["Jim Carrey","Jeff Daniels","Lauren Holly","Mike Starr","Karen Duffy","Charles Rocket","Victoria Rowell","Joe Baker","Hank Brandt","Teri Garr"],"metascore":39},"Pulp Fiction":{"revenue":213928762,"release_date":"1994-10-14","poster":"/dM2w364MScsjFf8pfMbaWUcWrR.jpg","id":680,"imdb":"tt0110912","cast":["Tim Roth","Amanda Plummer","Laura Lovelace","John Travolta","Samuel L. Jackson","Phil LaMarr","Frank Whaley","Burr Steers","Bruce Willis","Ving Rhames"],"metascore":94},"Interview with the Vampire":{"revenue":104694059,"release_date":"1994-11-11","poster":"/hldXwwViSfHJS0kIJr07KBGmHJI.jpg","id":628,"imdb":"tt0110148","cast":["Brad Pitt","Tom Cruise","Kirsten Dunst","Antonio Banderas","Christian Slater","Stephen Rea","Thandie Newton","Domiziana Giordano","Indra Ové","Laure Marsac"],"metascore":59},"The Santa Clause":{"revenue":144833357,"release_date":"1994-11-10","poster":"/nlO5GZTBlpv88TRf1IhtvRjgTsP.jpg","id":11395,"imdb":"tt0111070","cast":["Tim Allen","Wendy Crewson","Judge Reinhold","Eric Lloyd","David Krumholtz","Paige Tamada"],"metascore":57},"The Mask":{"revenue":351583407,"release_date":"1994-07-29","poster":"/v8x8p441l1Bep8p82pAG6rduBoK.jpg","id":854,"imdb":"tt0110475","cast":["Jim Carrey","Cameron Diaz","Nancy Fish","Tim Bagley","Johnny Williams","Peter Riegert","Peter Greene","Amy Yasbeck","Richard Jeni","Orestes Matacena"],"metascore":56},"Star Trek: Generations":{"revenue":120000000,"release_date":"1994-11-17","poster":"/wjrXjlNpDq9U8vYmAwf420yDFtn.jpg","id":193,"imdb":"tt0111280","cast":["Patrick Stewart","Jonathan Frakes","Brent Spiner","LeVar Burton","Michael Dorn","Gates McFadden","Marina Sirtis","William Shatner","James Doohan","Walter Koenig"],"metascore":55},"Angels in the Outfield":{"revenue":50236831,"release_date":"1994-07-15","poster":"/zdbzzEoWMYztvfGjm4kyKntwhEq.jpg","id":24795,"imdb":"tt0109127","cast":["Danny Glover","Brenda Fricker","Joseph Gordon-Levitt","Christopher Lloyd","Tony Danza","Ben Johnson","Jay O. Sanders","Matthew McConaughey","Taylor Negron","Adrien Brody"],"metascore":null},"The Crow":{"revenue":144000000,"release_date":"1994-05-11","poster":"/oZ8h8xWR2oIhDbDV8hhjCZMEyP5.jpg","id":9495,"imdb":"tt0109506","cast":["Brandon Lee","Rochelle Davis","Ernie Hudson","Michael Wincott","Bai Ling","Sofia Shinas","Anna Thomson","David Patrick Kelly","Angel David","Laurence Mason"],"metascore":null},"Wolf":{"revenue":131,"release_date":"1994-06-17","poster":"/kKawDulRrEuzNWEC0IYJjWWNKxg.jpg","id":10395,"imdb":"tt0111742","cast":["Jack Nicholson","Christopher Plummer","James Spader","Michelle Pfeiffer","Kate Nelligan","Richard Jenkins","Eileen Atkins","David Hyde Pierce","Om Puri","Ron Rifkin"],"metascore":null},"The Little Rascals":{"revenue":51764950,"release_date":"1994-08-05","poster":"/9B0t7TJxmkktGd0OBQWyXCP9dW.jpg","id":10897,"imdb":"tt0110366","cast":["Travis Tedford","Kevin Jamal Woods","Jordan Warkol","Zachary Mabry","Ross Bagley","Courtland Mead","Sam Saletta","Blake Jeremy Collins","Blake McIver Ewing","Juliette Brewer"],"metascore":null},"Four Weddings and a Funeral":{"revenue":254700832,"release_date":"1994-03-09","poster":"/md9kMKnLG8LG4pMDM98gy5x4K5L.jpg","id":712,"imdb":"tt0109831","cast":["Hugh Grant","Andie MacDowell","James Fleet","Simon Callow","John Hannah","Kristin Scott Thomas","David Bower","Charlotte Coleman","Rowan Atkinson","Anna Chancellor"],"metascore":81},"D2: The Mighty Ducks":{"revenue":45610410,"release_date":"1994-03-25","poster":"/y1Fti7YSE94IAIPU7rDxemNsg53.jpg","id":11164,"imdb":"tt0109520","cast":["Emilio Estevez","Kathryn Erbe","Michael Tucker","Jan Rubes","Carsten Norgaard","Joshua Jackson","Maria Ellingsen","Elden Henson","Shaun Weiss","Matt Doherty"],"metascore":null},"Stargate":{"revenue":196567262,"release_date":"1994-10-27","poster":"/muA1cUuVaWTRoaqkMtQGSxRPqJS.jpg","id":2164,"imdb":"tt0111282","cast":["Kurt Russell","James Spader","Alexis Cruz","Viveca Lindfors","Mili Avital","Leon Rippy","John Diehl","Carlos Lauchu","Jaye Davidson","Djimon Hounsou"],"metascore":42},"The Specialist":{"revenue":170000000,"release_date":"1994-10-07","poster":"/flK0OtdFRvfbs5BixEqU327H8ZB.jpg","id":2636,"imdb":"tt0111255","cast":["Sylvester Stallone","Sharon Stone","James Woods","Rod Steiger","Eric Roberts","Mario Ernesto Sánchez","Sergio Doré Jr.","Chase Randolph","Jeana Bell","Brittany Paige Bouck"],"metascore":null},"Beverly Hills Cop III":{"revenue":42614912,"release_date":"1994-05-24","poster":"/tw9gAhqQcBFX0X0XfVbWqUsmzoU.jpg","id":306,"imdb":"tt0109254","cast":["Eddie Murphy","Judge Reinhold","Héctor Elizondo","George Lucas","Bronson Pinchot","Joe Dante","Jon Tenney","Joey Travolta","Theresa Randle","Eugene Collier"],"metascore":16},"When a Man Loves a Woman":{"revenue":50021959,"release_date":"1994-04-29","poster":"/n3B7MBFwyKj9OaTscDZlfJt8Ayy.jpg","id":10449,"imdb":"tt0111693","cast":["Andy García","Meg Ryan","Ellen Burstyn","Tina Majorino","Philip Seymour Hoffman","Lauren Tom"],"metascore":null},"Timecop":{"revenue":101646581,"release_date":"1994-09-16","poster":"/9Og0zMoLvisr9BY6oQaGQ3BXqk1.jpg","id":8831,"imdb":"tt0111438","cast":["Jean-Claude Van Damme","Mia Sara","Ron Silver","Bruce McGill","Gloria Reuben","Scott Bellis","Jason Schombing","Scott Lawrence","Kenneth Welsh","Brent Woolsey"],"metascore":null},"Junior":{"revenue":108,"release_date":"1994-11-22","poster":"/bwt2hkLGKo5KAVMCw4u1umUPhax.jpg","id":6280,"imdb":"tt0110216","cast":["Arnold Schwarzenegger","Danny DeVito","Emma Thompson","Frank Langella","Pamela Reed","Aida Turturro","Megan Cavanagh","Welker White","Christopher Meloni","Misa Koprova"],"metascore":null},"Street Fighter":{"revenue":105414729,"release_date":"1994-12-22","poster":"/271l3Gs2Abis6JLQWaMNRjpCFV4.jpg","id":11667,"imdb":"tt0111301","cast":["Jean-Claude Van Damme","Raúl Juliá","Ming-Na Wen","Damian Chapa","Kylie Minogue","Wes Studi","Byron Mann","Roshan Seth","Grand L. Bush","Jay Tavare"],"metascore":null},"On Deadly Ground":{"revenue":49000000,"release_date":"1994-02-18","poster":"/ipQDUCWXfzlqWKaQqLKSrnCBXuN.jpg","id":9624,"imdb":"tt0110725","cast":["Steven Seagal","Michael Caine","Joan Chen","John C. McGinley","Billy Bob Thornton"],"metascore":null},"The Shawshank Redemption":{"revenue":28341469,"release_date":"1994-09-14","poster":"/9O7gLzmreU0nGkIB6K3BsJbzvNv.jpg","id":278,"imdb":"tt0111161","cast":["Tim Robbins","Morgan Freeman","Bob Gunton","William Sadler","Clancy Brown","Gil Bellows","Mark Rolston","James Whitmore"],"metascore":80},"Nell":{"revenue":106683817,"release_date":"1994-12-23","poster":"/4XLF6QkUqMDL5SLDEw1nrpSMk8N.jpg","id":1945,"imdb":"tt0110638","cast":["Jodie Foster","Liam Neeson","Natasha Richardson","Richard Libertini","Robin Mullins","Nick Searcy","Jeremy Davies","O'Neal Compton","Joe Inscoe","Stephanie Dawn Wood"],"metascore":null},"Major League II":{"revenue":30626182,"release_date":"1994-03-30","poster":"/sOHVepHV2YpS98NoWlOAYGfoOFE.jpg","id":11067,"imdb":"tt0110442","cast":["Charlie Sheen","Tom Berenger","Corbin Bernsen","Dennis Haysbert","James Gammon","Omar Epps","Eric Bruskotter","Takaaki Ishibashi","Alison Doody","Michelle Burke"],"metascore":null},"The Pagemaster":{"revenue":13670688,"release_date":"1994-11-23","poster":"/ikfLM0qpyBtMJG0H9JwIxZC1egG.jpg","id":15139,"imdb":"tt0110763","cast":["Macaulay Culkin","Christopher Lloyd","Patrick Stewart","Whoopi Goldberg","Canan J. Howell","Alexis Kirschner","Jessica Kirschner","Guy Mansker","Brandon S. McKay","Ed Begley, Jr."],"metascore":null},"Baby's Day Out":{"revenue":16671505,"release_date":"1994-07-01","poster":"/tRrLP28sxmST0iWr8E5td1od42P.jpg","id":11212,"imdb":"tt0109190","cast":["Joe Mantegna","Lara Flynn Boyle","Joe Pantoliano","Brian Haley","Cynthia Nixon","John Neville"],"metascore":null},"Leon: The Professional":{"revenue":45284974,"release_date":"1994-09-14","poster":"/uzKHnyOAPfHsoqN8BFKgIVtdBzF.jpg","id":101,"imdb":"tt0110413","cast":["Jean Reno","Natalie Portman","Gary Oldman","Danny Aiello","Peter Appel","Willi One Blood","Don Creech","Keith A. Glascoe","Michael Badalucco","Ellen Greene"],"metascore":64},"Batman Forever":{"revenue":336531112,"release_date":"1995-06-15","poster":"/hnuIc1ZC1jxSNoefaN8Bp6ixgBJ.jpg","id":414,"imdb":"tt0112462","cast":["Val Kilmer","Tommy Lee Jones","Jim Carrey","Nicole Kidman","Chris O'Donnell","Michael Gough","Pat Hingle","Drew Barrymore","Debi Mazar","Elizabeth Sanders","Rene Auberjonois","Joe Grifasi"],"metascore":51},"Se7en":{"revenue":327311859,"release_date":"1995-09-22","poster":"/mhFXxB76LVgJBIfJM1sAuVBtVKv.jpg","id":807,"imdb":"tt0114369","cast":["Brad Pitt","Morgan Freeman","Gwyneth Paltrow","R. Lee Ermey","Andrew Kevin Walker","Kevin Spacey","Daniel Zacapa","John Cassini","Hawthorne James","Richard Roundtree"],"metascore":65},"Blink":{"revenue":16668552,"release_date":"1994-01-26","poster":"/4R90g2EMwDlD5cgTySMHrXHwfRO.jpg","id":26203,"imdb":"tt0109297","cast":["Madeleine Stowe","Aidan Quinn","James Remar","Peter Friedman","Bruce A. Young","Laurie Metcalf","Matt Roth"],"metascore":null},"Apollo 13":{"revenue":355237933,"release_date":"1995-06-30","poster":"/7ksHQG9qbEyPBBTAe8NfJVAipmJ.jpg","id":568,"imdb":"tt0112384","cast":["Tom Hanks","Bill Paxton","Kevin Bacon","Gary Sinise","Ed Harris","Kathleen Quinlan","Mary Kate Schellhardt","Emily Ann Lloyd","Miko Hughes","Max Elliott Slade"],"metascore":77},"Renaissance Man":{"revenue":24332324,"release_date":"1994-06-03","poster":"/faiG0KKyvNceCKfS7C9U2WxkERk.jpg","id":11858,"imdb":"tt0110971","cast":["Danny DeVito","Gregory Hines","James Remar","Ed Begley, Jr.","Lillo Brancato","Stacey Dash","Kadeem Hardison","Mark Wahlberg","Cliff Robertson","Richard T. Jones"],"metascore":44},"GoldenEye":{"revenue":352194034,"release_date":"1995-11-23","poster":"/qUsIUglvfAIEsRhcRLBKXj2ZvSP.jpg","id":710,"imdb":"tt0113189","cast":["Pierce Brosnan","Sean Bean","Izabella Scorupco","Famke Janssen","Joe Don Baker","Judi Dench","Gottfried John","Robbie Coltrane","Alan Cumming","Tchéky Karyo"],"metascore":65},"Crimson Tide":{"revenue":157387195,"release_date":"1995-05-12","poster":"/oDJyDX11HW4j565vUjmFagKxDTQ.jpg","id":8963,"imdb":"tt0112740","cast":["Gene Hackman","Denzel Washington","Viggo Mortensen","James Gandolfini","Matt Craven","George Dzundza","Rocky Carroll","Jaime Gomez","Michael Milhoan","Scott Burkholder"],"metascore":66},"Pocahontas":{"revenue":346079773,"release_date":"1995-06-14","poster":"/cmK0GIn2TdcmuVlyAkK6maoHSmH.jpg","id":10530,"imdb":"tt0114148","cast":["Irene Bedard","Mel Gibson","David Ogden Stiers","John Kassir","Russell Means","Christian Bale","Judy Kuhn","Linda Hunt","Danny Mann","Billy Connolly"],"metascore":58},"Jumanji":{"revenue":262797249,"release_date":"1995-12-14","poster":"/vzmL6fP7aPKNKPRTFnZmiUfciyV.jpg","id":8844,"imdb":"tt0113497","cast":["Robin Williams","Kirsten Dunst","Jonathan Hyde","Bonnie Hunt","Patricia Clarkson","Gillian Barber","Laura Bell Bundy","Adam Hann-Byrd","Bradley Pierce","Bebe Neuwirth"],"metascore":39},"Dangerous Minds":{"revenue":180000000,"release_date":"1995-08-11","poster":"/y5Jee3QmYOlpqfaPPbfvtdVc5wj.jpg","id":9909,"imdb":"tt0112792","cast":["Michelle Pfeiffer","George Dzundza","Courtney B. Vance","Robin Bartlett","John Neville","Beatrice Winde","Lorraine Toussaint","Renoly Santiago","Wade Dominguez","Bruklin Harris"],"metascore":47},"While You Were Sleeping":{"revenue":182057016,"release_date":"1995-04-21","poster":"/9StV7DX4ZtRZGJs9VcVEPvxIKL6.jpg","id":2064,"imdb":"tt0114924","cast":["Sandra Bullock","Bill Pullman","Peter Gallagher","Peter Boyle","Jack Warden","Glynis Johns","Micole Mercurio","Monica Keena"],"metascore":67},"Casper":{"revenue":287928194,"release_date":"1995-05-25","poster":"/cpMbvFDD2C21pqMNXVPhSWGQBR9.jpg","id":8839,"imdb":"tt0112642","cast":["Malachi Pearson","Eric Idle","Bill Pullman","Christina Ricci","Chauncey Leopardi","Spencer Vrooman","Cathy Moriarty","Ben Stein","Don Novello","Fred Rogers"],"metascore":null},"Father of the Bride Part II":{"revenue":76578911,"release_date":"1995-12-08","poster":"/e64sOI48hQXyru7naBFyssKFxVd.jpg","id":11862,"imdb":"tt0113041","cast":["Steve Martin","Diane Keaton","Martin Short","Kimberly Williams-Paisley","George Newbern","Kieran Culkin","BD Wong","Peter Michael Goetz","Kate McGregor-Stewart","Jane Adams"],"metascore":49},"Waterworld":{"revenue":264218220,"release_date":"1995-07-28","poster":"/yordVJcPLh3VNRL7bXzFIBEhXRr.jpg","id":9804,"imdb":"tt0114898","cast":["Kevin Costner","Chaim Girafi","Rick Aviles","R. D. Call","Zitto Kazann","Jeanne Tripplehorn","Dennis Hopper","Jack Black","Zakes Mokae"],"metascore":56},"Braveheart":{"revenue":210000000,"release_date":"1995-05-24","poster":"/2qAgGeYdLjelOEqjW9FYvPHpplC.jpg","id":197,"imdb":"tt0112573","cast":["Mel Gibson","Catherine McCormack","Sophie Marceau","Patrick McGoohan","Angus Macfadyen","Brendan Gleeson","James Robinson","James Cosmo","Sean McGinley","Gerda Stevenson"],"metascore":68},"Mortal Kombat":{"revenue":70454098,"release_date":"1995-08-18","poster":"/bdXWixjWVA7Y03PvW74xufrROiJ.jpg","id":9312,"imdb":"tt0113855","cast":["Christopher Lambert","Robin Shou","Linden Ashby","Cary-Hiroyuki Tagawa","Bridgette Wilson","Talisa Soto","Trevor Goddard","Chris Casamassa","François Petit","Keith Cooke"],"metascore":58},"Die Hard: With a Vengeance":{"revenue":361212499,"release_date":"1995-05-18","poster":"/ivpXGcsPZglyYrN65THWSD7JM3q.jpg","id":1572,"imdb":"tt0112864","cast":["Bruce Willis","Jeremy Irons","Samuel L. Jackson","Graham Greene","Colleen Camp","Larry Bryggman","Michael Cristofer","Anthony Peck","Nicholas Wyman","Sam Phillips"],"metascore":58},"Outbreak":{"revenue":189859560,"release_date":"1995-03-10","poster":"/w0oaKu0PnQCITpLEaixRjfUyisv.jpg","id":6950,"imdb":"tt0114069","cast":["Dustin Hoffman","Rene Russo","Morgan Freeman","Kevin Spacey","Cuba Gooding, Jr.","Donald Sutherland","Patrick Dempsey","Benito Martinez","Malick Bowens","Zakes Mokae"],"metascore":null},"Legends of the Fall":{"revenue":160638883,"release_date":"1994-12-16","poster":"/uh0sJcx3SLtclJSuKAXl6Tt6AV0.jpg","id":4476,"imdb":"tt0110322","cast":["Brad Pitt","Anthony Hopkins","Aidan Quinn","Julia Ormond","Henry Thomas","Karina Lombard","Gordon Tootoosis","John Novak","Robert Wisden","David Kaye"],"metascore":45},"Heat":{"revenue":187436818,"release_date":"1995-12-14","poster":"/zMyfPUelumio3tiDKPffaUpsQTD.jpg","id":949,"imdb":"tt0113277","cast":["Al Pacino","Robert De Niro","Val Kilmer","Jon Voight","Tom Sizemore","Diane Venora","Amy Brenneman","Ashley Judd","Mykelti Williamson","Wes Studi"],"metascore":76},"Waiting to Exhale":{"revenue":81452156,"release_date":"1995-01-01","poster":"/21aTe5Cp6tayodcDrsEoF4gTh7.jpg","id":31357,"imdb":"tt0114885","cast":["Whitney Houston","Angela Bassett","Loretta Devine","Lela Rochon","Gregory Hines","Dennis Haysbert","Michael Beach","Mykelti Williamson"],"metascore":null},"Bad Boys":{"revenue":140800000,"release_date":"1995-04-07","poster":"/nkRagoJbx9H3zVSEDyH5ldfgwyR.jpg","id":9737,"imdb":"tt0112442","cast":["Will Smith","Martin Lawrence","Téa Leoni","Tchéky Karyo","Joe Pantoliano","Marg Helgenberger","Michael Imperioli","Theresa Randle","Anna Thomson","Nestor Serrano"],"metascore":41},"Get Shorty":{"revenue":72021008,"release_date":"1995-10-20","poster":"/vWtDUUgQAsVyvRW4mE75LBgVm2e.jpg","id":8012,"imdb":"tt0113161","cast":["John Travolta","Gene Hackman","Rene Russo","Danny DeVito","Dennis Farina","Delroy Lindo","James Gandolfini","Jon Gries","Renee Props","David Paymer"],"metascore":82},"Babe":{"revenue":63658910,"release_date":"1995-08-03","poster":"/gN6X3fwPya8pLffk9OEWV3DqBnE.jpg","id":9598,"imdb":"tt0112431","cast":["Christine Cavanaugh","Miriam Margolyes","Danny Mann","Hugo Weaving","Miriam Flynn","James Cromwell","Russi Taylor","Evelyn Krape","Michael Edward-Stevens","Charles Bartlett"],"metascore":83},"Something to Talk About":{"revenue":50892160,"release_date":"1995-08-04","poster":"/p9qioRaQblGXemFRQSwo8TpikVJ.jpg","id":18402,"imdb":"tt0114496","cast":["Julia Roberts","Dennis Quaid","Robert Duvall","Gena Rowlands","Kyra Sedgwick"],"metascore":null},"Under Siege 2 - Dark Territory":{"revenue":104324083,"release_date":"1995-07-13","poster":"/nvoFLBWc8AY0iKWHyLFOAvUUKBr.jpg","id":3512,"imdb":"tt0114781","cast":["Steven Seagal","Eric Bogosian","Everett McGill","Katherine Heigl","Morris Chestnut","Peter Greene","Patrick Kilpatrick","Scott Sowers","Afifi Alaouie","Andy Romano"],"metascore":null},"The Net":{"revenue":110627965,"release_date":"1995-07-28","poster":"/5x0E0jJOpgczJbHdmlayj5j0nU1.jpg","id":1642,"imdb":"tt0113957","cast":["Sandra Bullock","Jeremy Northam","Dennis Miller","Wendy Gazelle","Ken Howard","Diane Baker","Ray McKinnon","Daniel Schorr","L. Scott Caldwell","Robert Gossett"],"metascore":null},"Higher Learning":{"revenue":38290723,"release_date":"1995-01-11","poster":"/9pQjoIfRqeNftSp7v5SAHxiZLDQ.jpg","id":16295,"imdb":"tt0113305","cast":["Omar Epps","Kristy Swanson","Michael Rapaport","Jennifer Connelly","Ice Cube","Jason Wiles","Tyra Banks","Cole Hauser","Laurence Fishburne","Regina King"],"metascore":54},"Dead Man Walking":{"revenue":39363635,"release_date":"1995-12-29","poster":"/jAuo0Buh8wSOrAnUoiwrJIuOs0q.jpg","id":687,"imdb":"tt0112818","cast":["Susan Sarandon","Sean Penn","Robert Prosky","Raymond J. Barry","R. Lee Ermey","Celia Weston","Lois Smith","Scott Wilson","Roberta Maxwell","Margo Martindale"],"metascore":80},"Casino":{"revenue":110400000,"release_date":"1995-11-22","poster":"/xo517ibXBDdYQY81j0WIG7BVcWq.jpg","id":524,"imdb":"tt0112641","cast":["Robert De Niro","Sharon Stone","Joe Pesci","James Woods","Frank Vincent","Pasquale Cajano","Kevin Pollak","Don Rickles","Vinny Vella","Alan King"],"metascore":73},"First Knight":{"revenue":37600435,"release_date":"1995-07-07","poster":"/lXrYOk7O6Fryx994bZQKUuFLxZC.jpg","id":6520,"imdb":"tt0113071","cast":["Sean Connery","Richard Gere","Julia Ormond","Ben Cross","Liam Cunningham","Christopher Villiers","Valentine Pelka","Colin McCormack","Ralph Ineson","John Gielgud"],"metascore":null},"A Goofy Movie":{"revenue":35348597,"release_date":"1995-04-07","poster":"/iXYXjKohQ1j2FNIXLa84aaaE76K.jpg","id":15789,"imdb":"tt0113198","cast":["Bill Farmer","James Marsden","Rob Paulsen","Jim Cummings","Kellie Martin","Pauly Shore","Wallace Shawn","Frank Welker"],"metascore":null},"Twister":{"revenue":494471524,"release_date":"1996-05-09","poster":"/tKdDCkmb6obEhWEMLgGUUz5nDNs.jpg","id":664,"imdb":"tt0117998","cast":["Helen Hunt","Bill Paxton","Cary Elwes","Jami Gertz","Philip Seymour Hoffman","Lois Smith","Alan Ruck","Sean Whalen","Scott Thomson","Todd Field"],"metascore":68},"Leaving Las Vegas":{"revenue":49800000,"release_date":"1995-10-27","poster":"/mr8RrYUOExfYmM3NjO3sNkCfT2W.jpg","id":451,"imdb":"tt0113627","cast":["Nicolas Cage","Elisabeth Shue","Julian Sands","Richard Lewis","Steven Weber","Kim Adams","Emily Procter","Stuart Regen","Valeria Golino","Graham Beckel"],"metascore":82},"Rob Roy":{"revenue":31600000,"release_date":"1995-04-07","poster":"/glLKiD6FMEdUu2o5sbdBJFzJ87R.jpg","id":11780,"imdb":"tt0114287","cast":["Liam Neeson","John Hurt","Tim Roth","Eric Stoltz","Brian Cox","Jason Flemyng","Jessica Lange"],"metascore":55},"The Rock":{"revenue":134069511,"release_date":"1996-06-06","poster":"/pAVaLJQBRM4JlZEGXvezwbxOd15.jpg","id":9802,"imdb":"tt0117500","cast":["Sean Connery","Nicolas Cage","Ed Harris","John Spencer","David Morse","William Forsythe","Michael Biehn","Vanessa Marcil","John C. McGinley","Bokeem Woodbine"],"metascore":59},"Scream":{"revenue":173046663,"release_date":"1996-12-19","poster":"/ewi7gYW22t8T3piRvrXO73GlzuL.jpg","id":4232,"imdb":"tt0117571","cast":["Neve Campbell","David Arquette","Courteney Cox","Skeet Ulrich","Rose McGowan","Matthew Lillard","Jamie Kennedy","W. Earl Brown","Drew Barrymore","Joseph Whipp"],"metascore":65},"Independence Day":{"revenue":816969268,"release_date":"1996-07-02","poster":"/tCvz8EvBaiITFhlPBLV3fX7im1Q.jpg","id":602,"imdb":"tt0116629","cast":["Will Smith","Bill Pullman","Jeff Goldblum","Mary McDonnell","Judd Hirsch","Robert Loggia","Randy Quaid","Margaret Colin","Vivica A. Fox","James Rebhorn"],"metascore":59},"Mission: Impossible":{"revenue":456494803,"release_date":"1996-05-21","poster":"/1PVKS17pIBFsIhgFws2uagPDNLW.jpg","id":954,"imdb":"tt0117060","cast":["Tom Cruise","Jon Voight","Emmanuelle Béart","Henry Czerny","Jean Reno","Ving Rhames","Kristin Scott Thomas","Vanessa Redgrave","Dale Dye","Marcel Iures"],"metascore":60},"The Nutty Professor":{"revenue":128769345,"release_date":"1996-06-26","poster":"/9LZtLAuuVmNCN1DJrDG2eOPReXv.jpg","id":9327,"imdb":"tt0117218","cast":["Eddie Murphy","Jada Pinkett Smith","James Coburn","Larry Miller","Dave Chappelle","John Ales","Patricia Wilson","Jamal Mixon","Nichole McAuley","Hamilton von Watts"],"metascore":62},"Ransom":{"revenue":309492681,"release_date":"1996-11-08","poster":"/96pdw2qcx4g25vZLywNi4XRQVqm.jpg","id":3595,"imdb":"tt0117438","cast":["Mel Gibson","Gary Sinise","Delroy Lindo","Rene Russo","Lili Taylor","Brawley Nolte","Liev Schreiber","Donnie Wahlberg","Evan Handler","Nancy Ticotin"],"metascore":60},"Phenomenon":{"revenue":104636382,"release_date":"1996-07-05","poster":"/pa8IWMEYaYDDr5hEaZflOKW8gjc.jpg","id":9294,"imdb":"tt0117333","cast":["John Travolta","Kyra Sedgwick","Forest Whitaker","Robert Duvall","Jeffrey DeMunn","Richard Kiley","David Gallagher","Ashley Buccille","Tony Genaro","Sean O'Bryan"],"metascore":41},"Jerry Maguire":{"revenue":273552592,"release_date":"1996-12-06","poster":"/99YTEdKOKDRClsscOpJfdkbaTrQ.jpg","id":9390,"imdb":"tt0116695","cast":["Tom Cruise","Cuba Gooding, Jr.","Renée Zellweger","Kelly Preston","Alison Armitage","Jonathan Lipnicki","Jerry O'Connell","Jay Mohr","Bonnie Hunt","Regina King"],"metascore":77},"A Time to Kill":{"revenue":152266007,"release_date":"1996-07-23","poster":"/sCHK5jHhRcrXZvZDekZXvRkDOHc.jpg","id":1645,"imdb":"tt0117913","cast":["Matthew McConaughey","Sandra Bullock","Samuel L. Jackson","Kevin Spacey","Oliver Platt","Charles S. Dutton","Brenda Fricker","Donald Sutherland","Kiefer Sutherland","Ashley Judd"],"metascore":54},"The First Wives Club":{"revenue":116400000,"release_date":"1996-01-01","poster":"/45DpHiYKhw9I7srhrFWGimwzzKP.jpg","id":2925,"imdb":"tt0116313","cast":["Bette Midler","Goldie Hawn","Diane Keaton","Maggie Smith","Dan Hedaya","Sarah Jessica Parker","Elizabeth Berkley","Ivana Trump","Timothy Olyphant","Stockard Channing"],"metascore":58},"The Birdcage":{"revenue":185260553,"release_date":"1996-03-08","poster":"/4k5drYlNjgkdCnV2YaDdAxfvUwo.jpg","id":11000,"imdb":"tt0115685","cast":["Robin Williams","Gene Hackman","Nathan Lane","Dianne Wiest","Grant Heslov","Hank Azaria","Dan Futterman","Calista Flockhart","Christine Baranski","Tom McGowan"],"metascore":72},"Michael":{"revenue":119718203,"release_date":"1996-12-25","poster":"/ykjrA77Fh103i2KIXTn5VVjl2mU.jpg","id":2928,"imdb":"tt0117038","cast":["John Travolta","Andie MacDowell","William Hurt","Bob Hoskins","Jean Stapleton","Robert Pastorelli","Teri Garr"],"metascore":38},"Star Trek: First Contact":{"revenue":150000000,"release_date":"1996-11-21","poster":"/4fe4UjU1aqavYmX9kkfvrn3aupP.jpg","id":199,"imdb":"tt0117731","cast":["James Cromwell","Alfre Woodard","Alice Krige","Neal McDonough","Patrick Stewart","Brent Spiner","LeVar Burton","Michael Dorn","Gates McFadden","Marina Sirtis"],"metascore":71},"Jingle All the Way":{"revenue":129,"release_date":"1996-11-15","poster":"/aaVkNhUONnkSv5ijPjq7pEmmWyE.jpg","id":9279,"imdb":"tt0116705","cast":["Arnold Schwarzenegger","Phil Hartman","Sinbad","Rita Wilson","Jake Lloyd","Martin Mull","Martin Mull","Laraine Newman"],"metascore":null},"Space Jam":{"revenue":230000000,"release_date":"1996-11-15","poster":"/xI9AwhOWtsbFlS8tYD2PXa80p7u.jpg","id":2300,"imdb":"tt0117705","cast":["Michael Jordan","Wayne Knight","Billy West","Dee Bradley Baker","Theresa Randle","Danny DeVito","Brandon Hammond","Larry Bird","Bill Murray"],"metascore":null},"The Hunchback of Notre Dame":{"revenue":100138851,"release_date":"1996-06-20","poster":"/gGRmzbST3TAXwWoMKHDu6Vkn0kZ.jpg","id":10545,"imdb":"tt0116583","cast":["Tom Hulce","Demi Moore","Jason Alexander","Kevin Kline","Tony Jay","Mary Kay Bergman","Corey Burton","Bill Fagerbakke","Paul Kandel","Charles Kimbrough"],"metascore":null},"Eraser":{"revenue":233200000,"release_date":"1996-06-10","poster":"/bmOG5k07nrnS8T49NVPM1LnrOf1.jpg","id":9268,"imdb":"tt0116213","cast":["Arnold Schwarzenegger","James Caan","Vanessa Williams","James Coburn","Robert Pastorelli","James Cromwell","Danny Nucci","Andy Romano","Nick Chinlund","Michael Papajohn"],"metascore":56},"DragonHeart":{"revenue":115267375,"release_date":"1996-03-16","poster":"/nXdAIa8q1YSoA3wZaTwPxjQxNBb.jpg","id":8840,"imdb":"tt0116136","cast":["Dennis Quaid","David Thewlis","Pete Postlethwaite","Dina Meyer","Julie Christie","Sean Connery","John Gielgud","Lee Oakes","Brian Thompson","Jason Isaacs"],"metascore":null},"The Cable Guy":{"revenue":60240295,"release_date":"1996-06-10","poster":"/yx3jzfpZE3jeIQxsaHRPttBHXKI.jpg","id":9894,"imdb":"tt0115798","cast":["Jim Carrey","Matthew Broderick","Leslie Mann","Jack Black","George Segal","Diane Baker","Ben Stiller","Eric Roberts","Janeane Garofalo","Andy Dick"],"metascore":null},"Twelve Monkeys":{"revenue":168840000,"release_date":"1995-12-27","poster":"/6Sj9wDu3YugthXsU0Vry5XFAZGg.jpg","id":63,"imdb":"tt0114746","cast":["Bruce Willis","Madeleine Stowe","Brad Pitt","Christopher Plummer","David Morse","Jon Seda","Frank Gorshin","Joseph Melito","Aaron Michael Lacey","Christopher Meloni"],"metascore":74},"Primal Fear":{"revenue":102616183,"release_date":"1996-04-03","poster":"/jaDUxqDju6zqoADVKvZo2OunoRC.jpg","id":1592,"imdb":"tt0117381","cast":["Richard Gere","Laura Linney","John Mahoney","Frances McDormand","Terry O'Quinn","Andre Braugher","Steven Bauer","Joe Spano","Tony Plana","Alfre Woodard"],"metascore":47},"Evita":{"revenue":141047179,"release_date":"1996-12-25","poster":"/bzIV4xNnaqm3EJDwwBwHOEbdlLz.jpg","id":8818,"imdb":"tt0116250","cast":["Madonna","Antonio Banderas","Jonathan Pryce","Jimmy Nail","Victoria Sus"],"metascore":45},"Romeo + Juliet":{"revenue":147298761,"release_date":"1996-10-31","poster":"/f9C1NpoQfQ7Z4fJkyihNcjNDQJ.jpg","id":454,"imdb":"tt0117509","cast":["Leonardo DiCaprio","Claire Danes","John Leguizamo","Harold Perrineau Jr.","Pete Postlethwaite","Paul Sorvino","Brian Dennehy","Vondie Curtis-Hall","Miriam Margolyes","Diane Venora"],"metascore":60},"Sleepers":{"revenue":165615285,"release_date":"1996-10-18","poster":"/80LV2GvhvMEuOutxgQwbRYpo0Vv.jpg","id":819,"imdb":"tt0117665","cast":["Kevin Bacon","Billy Crudup","Robert De Niro","Brad Pitt","Vittorio Gassman","Minnie Driver","Dustin Hoffman","Ron Eldard","Jason Patric","Geoffrey Wigdor"],"metascore":49},"The Preacher's Wife":{"revenue":48093211,"release_date":"1996-12-13","poster":"/vlcMejGWXRD4TO8wdhNs4m1f8Ug.jpg","id":21539,"imdb":"tt0117372","cast":["Denzel Washington","Whitney Houston","Courtney B. Vance","Gregory Hines","Jenifer Lewis","Loretta Devine","Shari Headley","Lionel Richie"],"metascore":null},"Executive Decision":{"revenue":68000000,"release_date":"1996-03-15","poster":"/wmgkFuEr8bHRAgs1HS5U46Rzo0I.jpg","id":2320,"imdb":"tt0116253","cast":["Kurt Russell","Steven Seagal","Halle Berry","John Leguizamo","Joe Morton","BD Wong","Whip Hubley","Mary Ellen Trainor","Oliver Platt","Len Cariou"],"metascore":null},"Happy Gilmore":{"revenue":41205099,"release_date":"1996-02-16","poster":"/xjURii8yHUIz2yLDkGPsNg3xycA.jpg","id":9614,"imdb":"tt0116483","cast":["Adam Sandler","Christopher McDonald","Julie Bowen","Frances Bay","Carl Weathers","Richard Kiel","Bob Barker","Allen Covert","Joe Flaherty","Lee Trevino"],"metascore":31},"One Fine Day":{"revenue":97529550,"release_date":"1996-12-20","poster":"/yJETLNpYeEpDar7tJK1KedYGLgx.jpg","id":7300,"imdb":"tt0117247","cast":["Michelle Pfeiffer","George Clooney","Mae Whitman","Alex D. Linz","Charles Durning","Jon Robin Baitz","Ellen Greene","Joe Grifasi","Pete Hamill","Anna Maria Horsford"],"metascore":null},"Mars Attacks!":{"revenue":101371017,"release_date":"1996-12-12","poster":"/A6mybZEB9WFk14Jfdy9a5sb6pIG.jpg","id":75,"imdb":"tt0116996","cast":["Jack Nicholson","Glenn Close","Annette Bening","Pierce Brosnan","Danny DeVito","Martin Short","Sarah Jessica Parker","Michael J. Fox","Rod Steiger","Tom Jones"],"metascore":52},"Muppet Treasure Island":{"revenue":34327391,"release_date":"1996-02-16","poster":"/sHmM9lkyVLqqLgoECzNCP22O7kk.jpg","id":10874,"imdb":"tt0117110","cast":["Tim Curry","Kevin Bishop","Jennifer Saunders","Billy Connolly","Dave Goelz"],"metascore":null},"The English Patient":{"revenue":231700000,"release_date":"1996-11-14","poster":"/niqc0v3Lclh99Mmmxm49qZTIo2e.jpg","id":409,"imdb":"tt0116209","cast":["Ralph Fiennes","Juliette Binoche","Willem Dafoe","Kristin Scott Thomas","Naveen Andrews","Colin Firth","Julian Wadham","Torri Higginson","Jürgen Prochnow","Kevin Whately"],"metascore":87},"Set  It Off":{"revenue":41590886,"release_date":"1996-11-06","poster":"/3RDk6RO8N8iKHvFpOM0SdNLHIUl.jpg","id":9400,"imdb":"tt0117603","cast":["Jada Pinkett Smith","Queen Latifah","Vivica A. Fox","Kimberly Elise","Blair Underwood"],"metascore":null},"Matilda":{"revenue":33459416,"release_date":"1996-07-28","poster":"/vddUwPL3L8MBH4FrEDCAZM9T6sj.jpg","id":10830,"imdb":"tt0117008","cast":["Mara Wilson","Danny DeVito","Embeth Davidtz","Rhea Perlman","Pam Ferris","Paul Reubens","Tracey Walter","Brian Levinson","Kiami Davael"],"metascore":null},"Striptease":{"revenue":113309743,"release_date":"1996-06-28","poster":"/mjYQjfzAyF7YC23cx7Uug3qBupb.jpg","id":9879,"imdb":"tt0117765","cast":["Demi Moore","Burt Reynolds","Armand Assante","Ving Rhames","Robert Patrick","Paul Guilfoyle","Rumer Willis","Jerry Grayson","Robert Stanton","Stuart Pankin"],"metascore":null},"Titanic":{"revenue":1845034188,"release_date":"1997-11-01","poster":"/f9iH7Javzxokvnkiz2yHD1dcmUy.jpg","id":597,"imdb":"tt0120338","cast":["Kate Winslet","Leonardo DiCaprio","Frances Fisher","Billy Zane","Kathy Bates","Gloria Stuart","Bill Paxton","Bernard Hill","David Warner","Victor Garber"],"metascore":74},"Homeward Bound II: Lost in San Francisco":{"revenue":32709423,"release_date":"1996-01-01","poster":"/6oFXtbLt9IyoK6rdvdt0ccF6hGP.jpg","id":25059,"imdb":"tt0116552","cast":["Ralph Waite","Michael J. Fox","Sally Field","Michael Bell","Robert Hays","Tisha Campbell"],"metascore":null},"Face/Off":{"revenue":245676146,"release_date":"1997-06-26","poster":"/q1i8QHiHZ1cukG5iOxai8pydmoa.jpg","id":754,"imdb":"tt0119094","cast":["John Travolta","Nicolas Cage","Joan Allen","Dominique Swain","Alessandro Nivola","Gina Gershon","Nick Cassavetes","Harve Presnell","Colm Feore","John Carroll Lynch"],"metascore":82},"My Best Friend's Wedding":{"revenue":126813153,"release_date":"1997-06-19","poster":"/5hHAjv9RaCtR0lsg7QiRktflsk7.jpg","id":8874,"imdb":"tt0119738","cast":["Julia Roberts","Dermot Mulroney","Cameron Diaz","Rupert Everett","Philip Bosco","M. Emmet Walsh","Rachel Griffiths","Carrie Preston","Susan Sullivan","Christopher Masterson"],"metascore":50},"Men in Black":{"revenue":589390539,"release_date":"1997-07-02","poster":"/t66nzsDMHLzzUe4rImT9qsgFk0B.jpg","id":607,"imdb":"tt0119654","cast":["Tommy Lee Jones","Will Smith","Linda Fiorentino","Vincent D'Onofrio","Rip Torn","Tony Shalhoub","Mike Nussbaum","Jon Gries","Sergio Calderón","Carel Struycken"],"metascore":71},"The Lost World: Jurassic Park":{"revenue":229074524,"release_date":"1997-05-19","poster":"/u1fXmEQUCI9CjyHCCYOPBSq2DYo.jpg","id":330,"imdb":"tt0119567","cast":["Jeff Goldblum","Julianne Moore","Pete Postlethwaite","Richard Attenborough","Vince Vaughn","Arliss Howard","Vanessa Lee Chester","Joseph Mazzello","Ariana Richards","Steven Spielberg"],"metascore":59},"Good Will Hunting":{"revenue":225900000,"release_date":"1997-12-05","poster":"/3yHtbRfp32AouPSwYESoJM3cOeQ.jpg","id":489,"imdb":"tt0119217","cast":["Matt Damon","Robin Williams","Ben Affleck","Stellan Skarsgård","Minnie Driver","Casey Affleck","Cole Hauser","John Mighton","George Plimpton","Rachel Majorowski"],"metascore":70},"Scream 2":{"revenue":172363301,"release_date":"1997-12-09","poster":"/cJB8ddTirKVQ2zJHzXec1fDUDsd.jpg","id":4233,"imdb":"tt0120082","cast":["David Arquette","Neve Campbell","Courteney Cox","Sarah Michelle Gellar","Jamie Kennedy","Laurie Metcalf","Elise Neal","Jerry O'Connell","Timothy Olyphant"],"metascore":63},"Air Force One":{"revenue":302888056,"release_date":"1997-07-24","poster":"/zgg8psC8jvNEx5RC4NJ4c9J0KtE.jpg","id":9772,"imdb":"tt0118571","cast":["Harrison Ford","Gary Oldman","Glenn Close","Wendy Crewson","William H. Macy","Jürgen Prochnow","Oleg Taktarov","Liesel Matthews","Paul Guilfoyle","Xander Berkeley"],"metascore":61},"As Good as It Gets":{"revenue":314178011,"release_date":"1997-12-19","poster":"/q2645aW8vgg1g7RL5lil6K93yaA.jpg","id":2898,"imdb":"tt0119822","cast":["Jack Nicholson","Helen Hunt","Greg Kinnear","Cuba Gooding, Jr.","Skeet Ulrich","Shirley Knight","Yeardley Smith","Lupe Ontiveros","Bibi Osterwald","Ross Bleckner"],"metascore":67},"Tomorrow Never Dies":{"revenue":332985647,"release_date":"1997-12-11","poster":"/jcFFwrF9e7XPeQK5Hmcuf5NAHOA.jpg","id":714,"imdb":"tt0120347","cast":["Pierce Brosnan","Jonathan Pryce","Michelle Yeoh","Teri Hatcher","Ricky Jay","Götz Otto","Joe Don Baker","Vincent Schiavelli","Judi Dench","Desmond Llewelyn"],"metascore":56},"Contact":{"revenue":171000000,"release_date":"1997-07-11","poster":"/yRF1qpaQPZJjiORDsR7eUHzSHbf.jpg","id":686,"imdb":"tt0118884","cast":["Jodie Foster","David Morse","Matthew McConaughey","James Woods","John Hurt","Rob Lowe","Tom Skerritt","William Fichtner","Angela Bassett","Jake Busey"],"metascore":62},"Con Air":{"revenue":224012234,"release_date":"1997-06-01","poster":"/yhaOQ7xXw0PLHLvg1w0M9zlPdg6.jpg","id":1701,"imdb":"tt0118880","cast":["Nicolas Cage","John Cusack","John Malkovich","Ving Rhames","Nick Chinlund","Steve Buscemi","Colm Meaney","Rachel Ticotin","Dave Chappelle","Mykelti Williamson"],"metascore":52},"I Know What You Did Last Summer":{"revenue":125586134,"release_date":"1997-10-17","poster":"/cruOfvjIqMTbOQxld8SpM8OzVnf.jpg","id":3597,"imdb":"tt0119345","cast":["Jennifer Love Hewitt","Sarah Michelle Gellar","Ryan Phillippe","Freddie Prinze, Jr.","Bridgette Wilson","Johnny Galecki","Muse Watson","Anne Heche","Stuart Greer","Dan Albright"],"metascore":52},"Batman & Robin":{"revenue":238207122,"release_date":"1997-06-20","poster":"/79AYCcxw3kSKbhGpx1LiqaCAbwo.jpg","id":415,"imdb":"tt0118688","cast":["George Clooney","Michael Gough","Pat Hingle","Elle Macpherson","John Glover","Vivica A. Fox","Arnold Schwarzenegger","Uma Thurman","Alicia Silverstone","Chris O'Donnell"],"metascore":28},"Hercules":{"revenue":252712101,"release_date":"1997-06-27","poster":"/eFlBFMAifj436QctX3akDkUnhlk.jpg","id":11970,"imdb":"tt0119282","cast":["Tate Donovan","Josh Keaton","Roger Bart","Danny DeVito","James Woods","Susan Egan","Bobcat Goldthwait","Matt Frewer","Rip Torn","Samantha Eggar"],"metascore":null},"Conspiracy Theory":{"revenue":136982834,"release_date":"1997-08-06","poster":"/pJi8zosVnrIyfZDDsLmrNvX84QG.jpg","id":8834,"imdb":"tt0118883","cast":["Mel Gibson","Julia Roberts","Patrick Stewart","Cylk Cozart","Steve Kahan","Terry Alexander","Alex McArthur","Rod McLachlan","Michael Potts","Jim Sterling"],"metascore":49},"Flubber":{"revenue":177977226,"release_date":"1997-11-26","poster":"/xrbkE6g2myJPLWxNy52yL2MJJHX.jpg","id":9574,"imdb":"tt0119137","cast":["Robin Williams","Marcia Gay Harden","Christopher McDonald","Raymond J. Barry","Clancy Brown","Nancy Olson","Ted Levine","Wil Wheaton","Edie McClurg","Jodi Benson"],"metascore":37},"MouseHunt":{"revenue":122417389,"release_date":"1997-12-19","poster":"/gFmkSSSmYswqzMPAJqMbm70R2qU.jpg","id":6283,"imdb":"tt0119715","cast":["Nathan Lane","Lee Evans","Vicki Lewis","Maury Chaykin","Christopher Walken","William Frankfather"],"metascore":54},"The Fifth Element":{"revenue":263920180,"release_date":"1997-05-09","poster":"/zaFa1NRZEnFgRTv5OVXkNIZO78O.jpg","id":18,"imdb":"tt0119116","cast":["Bruce Willis","Milla Jovovich","Gary Oldman","Ian Holm","Chris Tucker","Luke Perry","Brion James","Tommy Lister","Lee Evans","Charlie Creed-Miles"],"metascore":52},"Starship Troopers":{"revenue":121214377,"release_date":"1997-11-06","poster":"/zeCD9WkhABFJmPq3SlTozXJGEtr.jpg","id":563,"imdb":"tt0120201","cast":["Casper Van Dien","Dina Meyer","Denise Richards","Jake Busey","Neil Patrick Harris","Clancy Brown","Michael Ironside","Patrick Muldoon","Seth Gilliam","Rue McClanahan"],"metascore":51},"The Devil's Advocate":{"revenue":60984028,"release_date":"1997-10-17","poster":"/eSivb4EyOAyEum70mOSHtAWiUe3.jpg","id":1813,"imdb":"tt0118971","cast":["Keanu Reeves","Al Pacino","Charlize Theron","Jeffrey Jones","Judith Ivey","Connie Nielsen","Craig T. Nelson","Tamara Tunie","Ruben Santiago-Hudson","Debra Monk"],"metascore":60},"Anaconda":{"revenue":136885767,"release_date":"1997-04-11","poster":"/DcGgcAAdZnW5A9AV03JTFFjft5.jpg","id":9360,"imdb":"tt0118615","cast":["Jennifer Lopez","Ice Cube","Jon Voight","Eric Stoltz","Owen Wilson","Jonathan Hyde","Kari Wührer","Vincent Castellanos","Danny Trejo","Frank Welker"],"metascore":37},"The Jackal":{"revenue":159330280,"release_date":"1997-11-13","poster":"/6Hh2ROGTRKdbUfEXVVv5fNhmXK3.jpg","id":4824,"imdb":"tt0119395","cast":["Bruce Willis","Richard Gere","Sidney Poitier","Diane Venora","J.K. Simmons","Jack Black","Sophie Okonedo","Ravil Isyanov","Maggie Castle","Karen Kirschenbauer"],"metascore":36},"L.A. Confidential":{"revenue":126216940,"release_date":"1997-09-19","poster":"/o7Iz1AgmJCwSOFfoxNNC150A6MG.jpg","id":2118,"imdb":"tt0119488","cast":["Kevin Spacey","Guy Pearce","Danny DeVito","James Cromwell","Kim Basinger","Russell Crowe","David Strathairn","Ron Rifkin","Matt McCoy","Paul Guilfoyle"],"metascore":90},"Austin Powers: International Man of Mystery":{"revenue":67683989,"release_date":"1997-05-02","poster":"/mLVymsqdkwNNKjw2ZXn8fkor3om.jpg","id":816,"imdb":"tt0118655","cast":["Mike Myers","Elizabeth Hurley","Michael York","Mimi Rogers","Seth Green","Fabiana Udenio","Mindy Sterling","Paul Dillon","Robert Wagner","Charles Napier"],"metascore":51},"G.I. Jane":{"revenue":48169156,"release_date":"1997-08-22","poster":"/yf4zJg6ACAhH4fkHSdEDrBUuEyg.jpg","id":4421,"imdb":"tt0119173","cast":["Demi Moore","Viggo Mortensen","Anne Bancroft","Jason Beghe","Daniel von Bargen","John Michael Higgins","Kevin Gage","David Warshofsky","David Vadim","Morris Chestnut"],"metascore":62},"Alien: Resurrection":{"revenue":162000000,"release_date":"1997-11-26","poster":"/ve2P64a9kzd7M78kfeaEzBEIEOR.jpg","id":8078,"imdb":"tt0118583","cast":["Sigourney Weaver","Winona Ryder","Dominique Pinon","Ron Perlman","Michael Wincott","Brad Dourif","Gary Dourdan","Dan Hedaya","Leland Orser","Raymond Cruz"],"metascore":63},"Speed 2: Cruise Control":{"revenue":164508066,"release_date":"1997-06-12","poster":"/v9W2wVzUgTClSt8np78qaAJ6Aoz.jpg","id":1639,"imdb":"tt0120179","cast":["Sandra Bullock","Jason Patric","Willem Dafoe","Temuera Morrison","Christine Firkins","Mike Hagerty","Colleen Camp","Brian McCardie"],"metascore":23},"The Game":{"revenue":109423648,"release_date":"1997-09-11","poster":"/reLfX4fIasqLXCdgZ7vnnYWYhe3.jpg","id":2649,"imdb":"tt0119174","cast":["Michael Douglas","Sean Penn","Deborah Kara Unger","James Rebhorn","Peter Donat","Armin Mueller-Stahl","Carroll Baker","Anna Katarina","Charles Martinet","Scott Hunter McGuire"],"metascore":61},"Kiss the Girls":{"revenue":60527873,"release_date":"1997-10-03","poster":"/aSxAWeDsfkoAzHabXB3AvrzOzMV.jpg","id":9437,"imdb":"tt0119468","cast":["Morgan Freeman","Ashley Judd","Cary Elwes","Alex McArthur","Tony Goldwyn","Jay O. Sanders","Bill Nunn","Brian Cox","Richard T. Jones","Roma Maffia"],"metascore":46},"Breakdown":{"revenue":50159144,"release_date":"1997-05-02","poster":"/uj5VmM4jrn3HHeuFfEH8XQizA2g.jpg","id":2163,"imdb":"tt0118771","cast":["Kurt Russell","J. T. Walsh","Kathleen Quinlan","M.C. Gainey","Jack Noseworthy","Rex Linn","Ritch Brinkley","Moira Harris"],"metascore":73},"The Rainmaker":{"revenue":45916769,"release_date":"1997-11-18","poster":"/ljHBYpeNAUAc8AaxfDArpB2A4yg.jpg","id":11975,"imdb":"tt0119978","cast":["Matt Damon","Danny DeVito","Danny Glover","Claire Danes","Mickey Rourke","Jon Voight","Mary Kay Place","Dean Stockwell","Teresa Wright","Virginia Madsen"],"metascore":72},"Absolute Power":{"revenue":50068310,"release_date":"1997-02-13","poster":"/oJQdp09Oc51DkArsMDvgDLdWiDu.jpg","id":66,"imdb":"tt0118548","cast":["Clint Eastwood","Gene Hackman","Ed Harris","Scott Glenn","Laura Linney","Judy Davis","Dennis Haysbert","Alison Eastwood","Melora Hardin","E. G. Marshall"],"metascore":52},"Bean":{"revenue":251212670,"release_date":"1997-07-29","poster":"/iS84XC3BrQa2G2BqiOgVlpcPCm6.jpg","id":1281,"imdb":"tt0118689","cast":["Rowan Atkinson","Peter MacNicol","John Mills","Pamela Reed","Harris Yulin","Burt Reynolds","Larry Drake","Danny Goldring","Johnny Galecki","Chris Ellis"],"metascore":52},"Donnie Brasco":{"revenue":41954997,"release_date":"1997-02-27","poster":"/sNrQIYc21wQ7shGH75oEMP2gIpq.jpg","id":9366,"imdb":"tt0119008","cast":["Johnny Depp","Michael Madsen","Bruno Kirby","James Russo","Anne Heche","Al Pacino","Paul Giamatti","Željko Ivanek","Gretchen Mol","Tim Blake Nelson"],"metascore":76},"The Full Monty":{"revenue":257850122,"release_date":"1997-08-29","poster":"/mVDkJHxOxKK29u2Sf7oBy3DKSK2.jpg","id":9427,"imdb":"tt0119164","cast":["Robert Carlyle","Mark Addy","William Snape","Steve Huison","Tom Wilkinson","Paul Barber"],"metascore":75},"Cop Land":{"revenue":44862187,"release_date":"1997-08-05","poster":"/gYNl3wAe3Y6NIpXsIVD6AG07Qhj.jpg","id":2142,"imdb":"tt0118887","cast":["Sylvester Stallone","Harvey Keitel","Ray Liotta","Robert De Niro","Peter Berg","Janeane Garofalo","Robert Patrick","Michael Rapaport","Annabella Sciorra","Noah Emmerich","Cathy Moriarty"],"metascore":64},"Amistad":{"revenue":74000000,"release_date":"1997-12-03","poster":"/i8BAfagNsEWrwtYxCaSAKKH5Xj5.jpg","id":11831,"imdb":"tt0118607","cast":["Nigel Hawthorne","Anthony Hopkins","Djimon Hounsou","Morgan Freeman","Chiwetel Ejiofor","Matthew McConaughey","David Paymer","Pete Postlethwaite","Stellan Skarsgård","Anna Paquin"],"metascore":63},"Wag the Dog":{"revenue":64256513,"release_date":"1997-12-25","poster":"/sTsMrXrTya8KpFm8lgtlQR12X7Z.jpg","id":586,"imdb":"tt0120885","cast":["Dustin Hoffman","Robert De Niro","Anne Heche","Denis Leary","Willie Nelson","Andrea Martin","Kirsten Dunst","William H. Macy","John Michael Higgins","Suzie Plakson"],"metascore":73},"Saving Private Ryan":{"revenue":481840909,"release_date":"1998-07-24","poster":"/gc7IN6bWNaWXv4vI6cxSmeB7PeO.jpg","id":857,"imdb":"tt0120815","cast":["Tom Hanks","Tom Sizemore","Dennis Farina","Max Martini","Joerg Stadler","Harve Presnell","Matt Damon","Edward Burns","Barry Pepper"],"metascore":90},"The Devil's Own":{"revenue":140807547,"release_date":"1997-03-13","poster":"/1zusKhAtJ3YhbuA6J184Vm4INB3.jpg","id":4477,"imdb":"tt0118972","cast":["Brad Pitt","Harrison Ford","Julia Stiles","Margaret Colin","Rubén Blades","Treat Williams","George Hearn","Mitchell Ryan","Natascha McElhone","Ashley Carin"],"metascore":53},"Jackie Brown":{"revenue":39673162,"release_date":"1997-12-24","poster":"/5AiK0vIBuhC6sXlDMLEyHOc8Laj.jpg","id":184,"imdb":"tt0119396","cast":["Pam Grier","Samuel L. Jackson","Robert Forster","Bridget Fonda","Michael Keaton","Robert De Niro","Michael Bowen","Chris Tucker","Lisa Gay Hamilton","Tommy Lister"],"metascore":64},"There's Something About Mary":{"revenue":369884651,"release_date":"1998-07-15","poster":"/mbjxlfb7Z9AFq74C79R4ssqrPeF.jpg","id":544,"imdb":"tt0129387","cast":["Cameron Diaz","Ben Stiller","Matt Dillon","Lee Evans","Chris Elliott","Lin Shaye","Jeffrey Tambor","Markie Post","Keith David","W. Earl Brown"],"metascore":69},"Armageddon":{"revenue":553799566,"release_date":"1998-06-30","poster":"/coINnuCzcw5FMHBty8hcudMOBnO.jpg","id":95,"imdb":"tt0120591","cast":["Bruce Willis","Billy Bob Thornton","Ben Affleck","Liv Tyler","Will Patton","Steve Buscemi","William Fichtner","Michael Clarke Duncan","Peter Stormare","Owen Wilson"],"metascore":42},"The Waterboy":{"revenue":185991646,"release_date":"1998-11-06","poster":"/wZKa2NZgEKJ85NoO2cQ7xzj8eBn.jpg","id":10663,"imdb":"tt0120484","cast":["Adam Sandler","Kathy Bates","Fairuza Balk","Henry Winkler","Jerry Reed","Lawrence Gilliard Jr.","Blake Clark","Peter Dante","Jonathan Loughran","Al Whiting"],"metascore":41},"Private Parts":{"revenue":41230799,"release_date":"1997-03-07","poster":"/ckA2XyeJ18H7D3k7XeGp4nSYAtW.jpg","id":9403,"imdb":"tt0119951","cast":["Howard Stern","Mary McCormack","Kelly Bishop","Paul Giamatti"],"metascore":67},"Rush Hour":{"revenue":244386864,"release_date":"1998-09-18","poster":"/jdfxpW5LF36sHsHjyH8CMBEG4TF.jpg","id":2109,"imdb":"tt0120812","cast":["Jackie Chan","Chris Tucker","Ken Leung","Tom Wilkinson","Tzi Ma","Chris Penn","Robert Littman","Michael Chow","Julia Hsu","Kai Lennox"],"metascore":60},"Mulan":{"revenue":304320254,"release_date":"1998-06-18","poster":"/ztD0iLfeyESQZV95GwPeSE3Uyqn.jpg","id":10674,"imdb":"tt0120762","cast":["Lea Salonga","Eddie Murphy","BD Wong","Ming-Na Wen","Miguel Ferrer","Harvey Fierstein","Freda Foh Shen","June Foray","James Hong","Miriam Margolyes"],"metascore":71},"Lethal Weapon 4":{"revenue":285444603,"release_date":"1998-07-09","poster":"/kpC9Y0jhwTqtRlcetxbgn3crnlU.jpg","id":944,"imdb":"tt0122151","cast":["Mel Gibson","Danny Glover","Joe Pesci","Rene Russo","Jet Li","Darlene Love","Traci Wolfe","Kim Chan","Steve Kahan","Damon Hines"],"metascore":37},"Shakespeare in Love":{"revenue":289317794,"release_date":"1998-12-11","poster":"/sAN5jedynbs3pa3ww0UXQ1k0lRF.jpg","id":1934,"imdb":"tt0138097","cast":["Joseph Fiennes","Gwyneth Paltrow","Geoffrey Rush","Tom Wilkinson","Judi Dench","Imelda Staunton","Colin Firth","Ben Affleck","Simon Callow","Steven Beard"],"metascore":87},"Deep Impact":{"revenue":140464664,"release_date":"1998-05-07","poster":"/nbF4Tuj4OY8btrjoOHtk64hkKbJ.jpg","id":8656,"imdb":"tt0120647","cast":["Robert Duvall","Téa Leoni","Elijah Wood","Vanessa Redgrave","Morgan Freeman","Maximilian Schell","Leelee Sobieski","James Cromwell","Jon Favreau","Laura Innes"],"metascore":40},"Godzilla":{"revenue":379014294,"release_date":"1998-05-19","poster":"/wMP1s5pWSHfdeocux4aB9WddcaG.jpg","id":929,"imdb":"tt0120685","cast":["Matthew Broderick","Jean Reno","Maria Pitillo","Hank Azaria","Kevin Dunn","Michael Lerner","Harry Shearer","Arabella Field","Vicki Lewis","Doug Savant"],"metascore":32},"Doctor Dolittle":{"revenue":294456605,"release_date":"1998-06-22","poster":"/ebomUCgc1QhtuxWiEHnmJlesv2g.jpg","id":3050,"imdb":"tt0118998","cast":["Eddie Murphy","Ossie Davis","Oliver Platt","Peter Boyle","Richard Schiff","Kristen Wilson","Kyla Pratt","Jeffrey Tambor","Steven Gilborn","Raven-Symoné"],"metascore":46},"Enemy of the State":{"revenue":250649836,"release_date":"1998-11-15","poster":"/2B0vLBo6gJbnzke4Enc77GCxKrz.jpg","id":9798,"imdb":"tt0120660","cast":["Will Smith","Gene Hackman","Jon Voight","Lisa Bonet","Regina King","Gabriel Byrne","Grant Heslov","Stuart Wilson","Laura Cayouette","Loren Dean"],"metascore":67},"The Truman Show":{"revenue":264118201,"release_date":"1998-06-04","poster":"/EelZzudHRvJmjWccWscN1S5vmI.jpg","id":37165,"imdb":"tt0120382","cast":["Jim Carrey","Laura Linney","Noah Emmerich","Natascha McElhone","Ed Harris","Holland Taylor","Brian Delate","Blair Slater","Heidi Schanz","Ron Taylor"],"metascore":90},"The Rugrats Movie":{"revenue":100491683,"release_date":"1998-11-20","poster":"/sL7JLbcAbI3aeNxJI7BBhuiaR4G.jpg","id":14444,"imdb":"tt0134067","cast":["Whoopi Goldberg","David Spade","E.G. Daily","Tara Strong","Christine Cavanaugh","Kath Soucie","Cheryl Chase","Tim Curry","Jack Riley","Busta Rhymes"],"metascore":null},"A Bug's Life":{"revenue":363398565,"release_date":"1998-11-14","poster":"/1d1q0aMWPaVdosDKvP8FWVuLtCc.jpg","id":9487,"imdb":"tt0120623","cast":["Kevin Spacey","Julia Louis-Dreyfus","Hayden Panettiere","Phyllis Diller","Bonnie Hunt","Joe Ranft","Jonathan Harris","Madeline Kahn","Richard Kind","Denis Leary"],"metascore":77},"Antz":{"revenue":171757863,"release_date":"1998-10-02","poster":"/zoUwYRJSwatBBvBDRf1y0RtiytI.jpg","id":8916,"imdb":"tt0120587","cast":["Woody Allen","Dan Aykroyd","Anne Bancroft","Danny Glover","Gene Hackman","Jane Curtin","Jennifer Lopez","John Mahoney","Paul Mazursky","Grant Shaud"],"metascore":72},"City of Angels":{"revenue":198685114,"release_date":"1998-03-11","poster":"/dMvup91Svpns2SfCtZ4jiSFiouV.jpg","id":795,"imdb":"tt0120632","cast":["Nicolas Cage","Meg Ryan","Andre Braugher","Dennis Franz","Colm Feore","Robin Bartlett","Joanna Merlin","Sarah Dampf","Rhonda Dotson","Nigel Gibbs"],"metascore":54},"The Mask of Zorro":{"revenue":250288523,"release_date":"1998-07-16","poster":"/eh59q4ksXDQc97s52FUUQOkE8Th.jpg","id":9342,"imdb":"tt0120746","cast":["Antonio Banderas","Anthony Hopkins","Catherine Zeta-Jones","Stuart Wilson","Diego Sieres","José María de Tavira","Emiliano Guerra","Yolanda Orisaga","Paco Morayta","William Marquez"],"metascore":63},"You've Got Mail":{"revenue":115731542,"release_date":"1998-12-17","poster":"/2XIsqnCwEE3Uf5TlP9H68STgtk6.jpg","id":9489,"imdb":"tt0128853","cast":["Tom Hanks","Meg Ryan","Katie Sagona","Greg Kinnear","Parker Posey","Jean Stapleton","Steve Zahn","Heather Burns","Dabney Coleman","Hallee Hirsh"],"metascore":57},"Six Days Seven Nights":{"revenue":164000000,"release_date":"1998-06-12","poster":"/yqOBAhoj3yUQeKx7PYe25cuZ2x7.jpg","id":6068,"imdb":"tt0120828","cast":["Harrison Ford","Anne Heche","David Schwimmer","Jacqueline Obradors","Temuera Morrison","Allison Janney","Cliff Curtis"],"metascore":51},"The Prince of Egypt":{"revenue":218613188,"release_date":"1998-12-15","poster":"/tJs9OUfS8WQXrRjoP1jOb8YYvNS.jpg","id":9837,"imdb":"tt0120794","cast":["Val Kilmer","Ralph Fiennes","Patrick Stewart","Michelle Pfeiffer","Sandra Bullock","Jeff Goldblum","Danny Glover","Helen Mirren","Steve Martin","Martin Short"],"metascore":64},"Everest":{"revenue":76447420,"release_date":"1998-03-06","poster":"/4qpRLxlRzgm8UOQ1n9DxeWycLLY.jpg","id":21736,"imdb":"tt0120661","cast":["Liam Neeson","Ed Viesturs","David Breashears","Tracy Pfau"],"metascore":null},"A Perfect Murder":{"revenue":128038368,"release_date":"1998-06-05","poster":"/3qVJPM6tYilp3x3ckSBb3l4NyzE.jpg","id":1965,"imdb":"tt0120787","cast":["Michael Douglas","Gwyneth Paltrow","Viggo Mortensen","Michael P. Moran","Sarita Choudhury","Constance Towers","David Suchet"],"metascore":50},"The Wedding Singer":{"revenue":123,"release_date":"1998-02-13","poster":"/t4M6RrwBQKTqbnG9vqG339G7FCC.jpg","id":11003,"imdb":"tt0120888","cast":["Adam Sandler","Drew Barrymore","Christine Taylor","Allen Covert","Jon Lovitz","Ellen Dow","Angela Featherstone","Billy Idol","Alexis Arquette","Christina Pickles"],"metascore":59},"The Horse Whisperer":{"revenue":186883563,"release_date":"1998-05-14","poster":"/nT4p5iDOxcnEa2QD0Kp3907WeuA.jpg","id":547,"imdb":"tt0119314","cast":["Robert Redford","Kristin Scott Thomas","Sam Neill","Scarlett Johansson","Dianne Wiest","Chris Cooper","Cherry Jones","Ty Hillman","Kate Bosworth","Austin Schwarz"],"metascore":65},"Ever After: A Cinderella Story":{"revenue":65705772,"release_date":"1998-07-29","poster":"/1ELrosU04wEbfmxK9wLBjdEECqm.jpg","id":9454,"imdb":"tt0120631","cast":["Drew Barrymore","Dougray Scott","Anjelica Huston","Melanie Lynskey"],"metascore":66},"Lost in Space":{"revenue":136159423,"release_date":"1998-04-03","poster":"/kkBDPkUnYwAkWbYY2bnyf5ANObA.jpg","id":2157,"imdb":"tt0120738","cast":["Gary Oldman","William Hurt","Matt LeBlanc","Mimi Rogers","Heather Graham","Lacey Chabert","Jack Johnson","Jared Harris","Mark Goddard","Lennie James"],"metascore":42},"Star Trek: Insurrection":{"revenue":118000000,"release_date":"1998-12-10","poster":"/sQdiBAMZ8mq9Eb9fQX1Z7HZHUVs.jpg","id":200,"imdb":"tt0120844","cast":["Patrick Stewart","Jonathan Frakes","Brent Spiner","LeVar Burton","Gates McFadden","Marina Sirtis","F. Murray Abraham","Anthony Zerbe","Donna Murphy","Gregg Henry"],"metascore":64},"Life Is Beautiful":{"revenue":229400000,"release_date":"1997-12-20","poster":"/f7DImXDebOs148U4uPjI61iDvaK.jpg","id":637,"imdb":"tt0118799","cast":["Nicoletta Braschi","Roberto Benigni","Giorgio Cantarini","Giustino Durano","Amerigo Fontani","Sergio Bini Bustric","Lidia Alfonsi","Horst Buchholz","Pietro De Silva","Marisa Paredes"],"metascore":59},"A Civil Action":{"revenue":56702901,"release_date":"1998-12-25","poster":"/xEuqlRa6UcCkWzWgxwxfamwqt42.jpg","id":9422,"imdb":"tt0120633","cast":["John Travolta","Robert Duvall","Tony Shalhoub","William H. Macy","Željko Ivanek","Bruce Norris","John Lithgow","Kathleen Quinlan","Peter Jacobson","Mary Mara"],"metascore":68},"Snake Eyes":{"revenue":104000000,"release_date":"1998-08-07","poster":"/lCKdTf0Cy3R3kBuw2xmWmbxX6pZ.jpg","id":8688,"imdb":"tt0120832","cast":["Nicolas Cage","Gary Sinise","John Heard","Carla Gugino","Tamara Tunie","Stan Shaw","Kevin Dunn","Michael Rispoli","Joel Fabiani","Luis Guzmán"],"metascore":52},"Ronin":{"revenue":41610884,"release_date":"1998-09-12","poster":"/9SFjoCXctd9LGNcgvn6O1YEEhsg.jpg","id":8195,"imdb":"tt0122690","cast":["Robert De Niro","Jean Reno","Natascha McElhone","Stellan Skarsgård","Sean Bean","Jonathan Pryce","Skipp Sudduth","Katarina Witt","Michael Lonsdale","Jan Tříska"],"metascore":67},"What Dreams May Come":{"revenue":55380000,"release_date":"1998-10-02","poster":"/rNQH6Q8RPXD59aqGckST3CKQbCf.jpg","id":12159,"imdb":"tt0120889","cast":["Robin Williams","Cuba Gooding, Jr.","Annabella Sciorra","Max von Sydow","Jessica Brooks Grant","Josh Paddock","Rosalind Chao","Lucinda Jenney"],"metascore":44},"The Negotiator":{"revenue":44547681,"release_date":"1998-07-29","poster":"/uA1zKgJVoO0ljbSbKXyek5YbLwv.jpg","id":9631,"imdb":"tt0120768","cast":["Samuel L. Jackson","Kevin Spacey","David Morse","Ron Rifkin","John Spencer","J. T. Walsh","Siobhan Fallon","Paul Giamatti","Regina Taylor","Bruce Beatty"],"metascore":62},"Blade":{"revenue":112601065,"release_date":"1998-08-19","poster":"/kR3DscGbvJ5NnYhTOuMAlmEtYYD.jpg","id":36647,"imdb":"tt0120611","cast":["Wesley Snipes","Stephen Dorff","Kris Kristofferson","N'Bushe Wright","Donal Logue","Udo Kier","Arly Jover","Traci Lords","Kevin Patrick Walls","Tim Guinee"],"metascore":45},"The X Files":{"revenue":189198313,"release_date":"1998-06-19","poster":"/cpvwMPMkvsZLzThJTcnh8wcNPMH.jpg","id":846,"imdb":"tt0120902","cast":["David Duchovny","Gillian Anderson","Martin Landau","Mitch Pileggi","William B. Davis","John Neville","Jeffrey DeMunn","Blythe Danner","Terry O'Quinn","Armin Mueller-Stahl"],"metascore":60},"Mysteries of Egypt":{"revenue":40593286,"release_date":"1998-06-02","poster":"/1uEnQM6AcyB7AMcfP4M0wZbEf99.jpg","id":22762,"imdb":"tt0145921","cast":["Omar Sharif","Kate Maberly","Timothy Davies","Julian Curry"],"metascore":53},"Small Soldiers":{"revenue":54682547,"release_date":"1998-07-10","poster":"/l5laJWvcxgkoqC3nRPs9N5u55jR.jpg","id":11551,"imdb":"tt0122718","cast":["Gregory Smith","Kirsten Dunst","Denis Leary","Phil Hartman","David Cross","Jay Mohr","Kevin Dunn","Ann Magnuson","Wendy Schaal","Jacob Smith"],"metascore":null},"I Still Know What You Did Last Summer":{"revenue":40002112,"release_date":"1998-11-13","poster":"/hNP3D5InUF2cyUruJLDl6DDjzMa.jpg","id":3600,"imdb":"tt0130018","cast":["Jennifer Love Hewitt","Freddie Prinze, Jr.","Mekhi Phifer","Brandy Norwood","Muse Watson","Matthew Settle","Jennifer Esposito","Bill Cobbs","Jeffrey Combs","John Hawkes"],"metascore":21},"Urban Legend":{"revenue":72500000,"release_date":"1998-09-25","poster":"/AuNoSFBNNi3qHvs0BDvND2fXnOY.jpg","id":9877,"imdb":"tt0146336","cast":["Alicia Witt","Jared Leto","Rebecca Gayheart","Michael Rosenbaum","Loretta Devine","Tara Reid","John Neville","Joshua Jackson","Julian Richings","Robert Englund"],"metascore":35},"Star Wars: Episode I - The Phantom Menace":{"revenue":924317558,"release_date":"1999-05-19","poster":"/n8V09dDc02KsSN6Q4hC2BX6hN8X.jpg","id":1893,"imdb":"tt0120915","cast":["Natalie Portman","Ewan McGregor","Liam Neeson","Ian McDiarmid","Anthony Daniels","Kenny Baker","Jake Lloyd","Pernilla August","Frank Oz","Oliver Ford Davies"],"metascore":51},"Toy Story 2":{"revenue":485015179,"release_date":"1999-11-18","poster":"/gd12nM0VnrgbaUmZDjte4oBedGZ.jpg","id":863,"imdb":"tt0120363","cast":["Tom Hanks","Tim Allen","Kelsey Grammer","Joan Cusack","Don Rickles","Jim Varney","Wallace Shawn","John Ratzenberger","Annie Potts","Wayne Knight"],"metascore":88},"Austin Powers: The Spy Who Shagged Me":{"revenue":310940086,"release_date":"1999-06-08","poster":"/yhg0l1Ddd2thQOSUUQx9jBrGI12.jpg","id":817,"imdb":"tt0145660","cast":["Mike Myers","Heather Graham","Michael York","Robert Wagner","Rob Lowe","Seth Green","Mindy Sterling","Verne Troyer","Elizabeth Hurley","Gia Carides"],"metascore":59},"The Matrix":{"revenue":463517383,"release_date":"1999-03-30","poster":"/gynBNzwyaHKtXqlEKKLioNkjKgN.jpg","id":603,"imdb":"tt0133093","cast":["Keanu Reeves","Laurence Fishburne","Carrie-Anne Moss","Hugo Weaving","Gloria Foster","Joe Pantoliano","Marcus Chong","Julian Arahanga","Matt Doran","Belinda McClory"],"metascore":73},"Meet Joe Black":{"revenue":142940100,"release_date":"1998-11-12","poster":"/nlxPnkZY3vY1iehJriKMQcT6eua.jpg","id":297,"imdb":"tt0119643","cast":["Brad Pitt","Anthony Hopkins","Claire Forlani","Jeffrey Tambor","Marcia Gay Harden","Jake Weber","David S. Howard","Lois Kelly-Miller","Jahnni St. John","Richard Clarke"],"metascore":43},"Runaway Bride":{"revenue":309457509,"release_date":"1999-07-24","poster":"/5DN9BWdj45b9e31nWaLJceAGFR3.jpg","id":4806,"imdb":"tt0163187","cast":["Julia Roberts","Richard Gere","Joan Cusack","Rita Wilson","Héctor Elizondo","Christopher Meloni","Paul Dooley","Donal Logue","Sela Ward","Sandra Taylor"],"metascore":39},"The Sixth Sense":{"revenue":672806292,"release_date":"1999-08-02","poster":"/wW1y9pvMejWjdfz0mpbB3Ag3SJf.jpg","id":745,"imdb":"tt0167404","cast":["Bruce Willis","Haley Joel Osment","Toni Collette","Olivia Williams","Mischa Barton","Donnie Wahlberg","Trevor Morgan","Greg Wood","Jeffrey Zubernis","Glenn Fitzgerald"],"metascore":64},"American Beauty":{"revenue":356296601,"release_date":"1999-09-15","poster":"/3UBQGKS8c1dxRnDiu5kUK6ej3pP.jpg","id":14,"imdb":"tt0169547","cast":["Kevin Spacey","Annette Bening","Thora Birch","Wes Bentley","Mena Suvari","Chris Cooper","Scott Bakula","Peter Gallagher","Allison Janney","Sam Robards"],"metascore":86},"The Blair Witch Project":{"revenue":248000000,"release_date":"1999-01-25","poster":"/tza7aJw3kpybgs4ztwaBsJ0jC8Y.jpg","id":2667,"imdb":"tt0185937","cast":["Heather Donahue","Joshua Leonard","Michael C. Williams","Bob Griffith","Jim King","Sandra Sánchez","Ed Swanson","Patricia DeCou","Mark Mason","Jackie Hallex"],"metascore":81},"The Mummy":{"revenue":415885488,"release_date":"1999-05-06","poster":"/cftmDzVCWKynKMfY9oyFj7igFqJ.jpg","id":564,"imdb":"tt0120616","cast":["Brendan Fraser","Rachel Weisz","John Hannah","Arnold Vosloo","Kevin J. O'Connor","Oded Fehr","Jonathan Hyde","Erick Avari","Bernard Fox","Patricia Velásquez"],"metascore":48},"Big Daddy":{"revenue":163479795,"release_date":"1999-06-25","poster":"/fNuksh5Ud4a9hZGJkMpJFs3oyEy.jpg","id":9032,"imdb":"tt0142342","cast":["Adam Sandler","Joey Lauren Adams","Jon Stewart","Cole Sprouse","Leslie Mann","Allen Covert","Rob Schneider","Peter Dante","Steve Buscemi","Dylan Sprouse"],"metascore":41},"The World Is Not Enough":{"revenue":850832400,"release_date":"1999-11-21","poster":"/tCarTEKvXjALk87r3wAxB4jb1ON.jpg","id":36643,"imdb":"tt0143145","cast":["Pierce Brosnan","Sophie Marceau","Robert Carlyle","Denise Richards","Robbie Coltrane","Desmond Llewelyn","John Cleese","Maria Grazia Cucinotta","Samantha Bond","Michael Kitchen"],"metascore":59},"Notting Hill":{"revenue":363889678,"release_date":"1999-05-13","poster":"/f1gMw3PVicfdq9thlvUIjJ5UdvS.jpg","id":509,"imdb":"tt0125439","cast":["Julia Roberts","Hugh Grant","Richard McCabe","Rhys Ifans","James Dreyfus","Dylan Moran","Roger Frost","Henry Goodman","Julian Rhind-Tutt","Lorelei King"],"metascore":66},"Double Jeopardy":{"revenue":177841558,"release_date":"1999-09-24","poster":"/9Pl7lqUzU7lxQHYjcmTT6ZvbbDY.jpg","id":10398,"imdb":"tt0150377","cast":["Tommy Lee Jones","Ashley Judd","Bruce Greenwood","Annabeth Gish","Benjamin Weir","Jay Brazeau","John Maclaren"],"metascore":40},"Analyze This":{"revenue":176885658,"release_date":"1999-03-05","poster":"/vmVE6jRbYegQSoxJYtVkwm0oZOY.jpg","id":9535,"imdb":"tt0122933","cast":["Robert De Niro","Billy Crystal","Lisa Kudrow","Chazz Palminteri","Joe Viterelli","Molly Shannon","Kyle Sabihy","Frank Pietrangolare","Ron Madoff"],"metascore":61},"Stuart Little":{"revenue":300000000,"release_date":"1999-12-05","poster":"/bE2p5bUDCF1TPS1BT1SxnmHjUon.jpg","id":10137,"imdb":"tt0164912","cast":["Michael J. Fox","Geena Davis","Hugh Laurie"],"metascore":61},"The Green Mile":{"revenue":284600000,"release_date":"1999-12-05","poster":"/3yJUlOtVa09CYJocwBU8eAryja0.jpg","id":497,"imdb":"tt0120689","cast":["Tom Hanks","Michael Clarke Duncan","Bonnie Hunt","David Morse","Michael Jeter","Graham Greene","Patricia Clarkson","Dabbs Greer","Gary Sinise","Doug Hutchison"],"metascore":61},"Wild Wild West":{"revenue":222104681,"release_date":"1999-06-29","poster":"/uqoluoavY8US144kUu9lb4mZpD.jpg","id":8487,"imdb":"tt0120891","cast":["Will Smith","Kevin Kline","Kenneth Branagh","Salma Hayek","M. Emmet Walsh","Ted Levine","Frederique van der Wal","Musetta Vander","Sofia Eng","Garcelle Beauvais"],"metascore":38},"Entrapment":{"revenue":87707396,"release_date":"1999-04-29","poster":"/6IKmjW52qeMXx8xXMdX6RRshmY0.jpg","id":1844,"imdb":"tt0137494","cast":["Catherine Zeta-Jones","Sean Connery","Ving Rhames","Will Patton","Maury Chaykin","Kevin McNally","Terry O'Neill","Madhav Sharma","David Yip","Tim Potter"],"metascore":54},"Payback":{"revenue":161626121,"release_date":"1999-02-04","poster":"/qQ1uvRviTWpc1xrDjt8IOlb6rib.jpg","id":2112,"imdb":"tt0120784","cast":["Mel Gibson","Kris Kristofferson","Gregg Henry","Maria Bello","David Paymer","Bill Duke","Deborah Kara Unger","John Glover","William Devane","Lucy Liu"],"metascore":46},"American Pie":{"revenue":235483004,"release_date":"1999-07-09","poster":"/dxkSApFLkKkcEQgjCH2KPwTHvw4.jpg","id":2105,"imdb":"tt0163651","cast":["Jason Biggs","Chris Klein","Thomas Ian Nicholas","Alyson Hannigan","Shannon Elizabeth","Tara Reid","Seann William Scott","Jennifer Coolidge","Eugene Levy"],"metascore":58},"Sleepy Hollow":{"revenue":206071502,"release_date":"1999-11-18","poster":"/2UDsmTvWSxVvuGoRQyV3zVaIRyu.jpg","id":2668,"imdb":"tt0162661","cast":["Johnny Depp","Ian McDiarmid","Casper Van Dien","Michael Gough","Christopher Walken","Lisa Marie","Steven Waddington","Christopher Lee","Miranda Richardson","Michael Gambon"],"metascore":65},"The General's Daughter":{"revenue":100000000,"release_date":"1999-06-18","poster":"/b2wRlY5ouP1eDzAE9aMppTOXcWN.jpg","id":2275,"imdb":"tt0144214","cast":["John Travolta","Madeleine Stowe","Timothy Hutton","James Cromwell","Leslie Stefanson","James Woods"],"metascore":47},"Any Given Sunday":{"revenue":100230832,"release_date":"1999-12-16","poster":"/werdqNEJ91gbeaEK7sInXXZdUMg.jpg","id":9563,"imdb":"tt0146838","cast":["Al Pacino","Cameron Diaz","Dennis Quaid","James Woods","Jamie Foxx","LL Cool J","Lela Rochon","Matthew Modine","Jim Brown","Lawrence Taylor"],"metascore":52},"Galaxy Quest":{"revenue":90683916,"release_date":"1999-12-23","poster":"/9yaxerm28NP4LIAsAS7zGAAbSSa.jpg","id":926,"imdb":"tt0177789","cast":["Tim Allen","Sigourney Weaver","Alan Rickman","Tony Shalhoub","Missi Pyle","Sam Rockwell","Daryl Mitchell","Enrico Colantoni","Robin Sachs","Patrick Breen"],"metascore":70},"The Haunting":{"revenue":91188905,"release_date":"1999-07-23","poster":"/nVhWVwA5ecqI0rt54fBEsIiWrQU.jpg","id":11618,"imdb":"tt0171363","cast":["Liam Neeson","Catherine Zeta-Jones","Owen Wilson","Lili Taylor","Bruce Dern","Marian Seldes","Alix Koromzay","Todd Field","Virginia Madsen","Michael Cavanaugh"],"metascore":null},"End of Days":{"revenue":209300000,"release_date":"1999-11-23","poster":"/bEIjH6GroeWaBkn6o7MVpMNbuyw.jpg","id":9946,"imdb":"tt0146675","cast":["Arnold Schwarzenegger","Gabriel Byrne","Robin Tunney","Udo Kier","Rod Steiger","Kevin Pollak","C. C. H. Pounder","Miriam Margolyes"],"metascore":33},"The Talented Mr. Ripley":{"revenue":128798265,"release_date":"1999-12-12","poster":"/lNVD3OADzRxaqbnN1ThdgB0Fuoe.jpg","id":1213,"imdb":"tt0134119","cast":["Matt Damon","Gwyneth Paltrow","Jude Law","Cate Blanchett","Philip Seymour Hoffman","Jack Davenport","James Rebhorn","Sergio Rubini","Philip Baker Hall","Celia Weston"],"metascore":76},"Blue Streak":{"revenue":117758500,"release_date":"1999-09-17","poster":"/czfw7EkBCK6SD1pBH0eheo1qPx9.jpg","id":11001,"imdb":"tt0181316","cast":["Martin Lawrence","Luke Wilson","Peter Greene","Dave Chappelle","Nicole Ari Parker","Graham Beckel","Robert Miranda","Olek Krupa","Saverio Guerra","Tamala Jones"],"metascore":46},"Deep Blue Sea":{"revenue":73648228,"release_date":"1999-07-27","poster":"/r386y8YpePXoS7P4jHWZRTF36Zb.jpg","id":8914,"imdb":"tt0149261","cast":["Thomas Jane","Saffron Burrows","LL Cool J","Michael Rapaport","Samuel L. Jackson","Stellan Skarsgård","Jacqueline McKenzie","Aida Turturro","Cristos","Daniel Rey"],"metascore":54},"Deuce Bigalow: Male Gigolo":{"revenue":65535067,"release_date":"1999-12-10","poster":"/y49GNwFcuxietpMUwhCTJFSksAs.jpg","id":10402,"imdb":"tt0205000","cast":["Rob Schneider","William Forsythe","Eddie Griffin","Arija Bareikis","Oded Fehr"],"metascore":30},"The Thomas Crown Affair":{"revenue":124305181,"release_date":"1999-07-26","poster":"/jpRUaqNuQInXxdsLIncGJW5u3u2.jpg","id":913,"imdb":"tt0155267","cast":["Pierce Brosnan","Rene Russo","Denis Leary","Ben Gazzara","Frankie Faison","Fritz Weaver","Charles Keating","Mark Margolis","Faye Dunaway","Michael Lombard"],"metascore":72},"The Bone Collector":{"revenue":151493655,"release_date":"1999-11-05","poster":"/dCTuPRukbDs3mOSx9SD0PCMRd2g.jpg","id":9481,"imdb":"tt0145681","cast":["Denzel Washington","Queen Latifah","Michael Rooker","Michael McGlone","Luis Guzmán","Leland Orser","John Benjamin Hickey","Bobby Cannavale","Ed O'Neill","Richard Zeman"],"metascore":45},"Life":{"revenue":73345029,"release_date":"1999-04-16","poster":"/t3ijJkodD7fzgbnaEFLQ43ebDDT.jpg","id":6522,"imdb":"tt0123964","cast":["Eddie Murphy","Martin Lawrence","Obba Babatunde","Nick Cassavetes","Bernie Mac","Michael Taliferro","Anthony Anderson","Barry Shabaka Henley","Miguel A. Núñez, Jr.","Bokeem Woodbine"],"metascore":63},"She's All That":{"revenue":103166989,"release_date":"1999-01-29","poster":"/2kWpjQ3O6DZywdIoPlvXCk3T91P.jpg","id":10314,"imdb":"tt0160862","cast":["Freddie Prinze, Jr.","Rachael Leigh Cook","Matthew Lillard","Paul Walker","Jodi Lyn O'Keefe","Anna Paquin","Clea DuVall","Kieran Culkin","Kevin Pollak","Lil' Kim"],"metascore":51},"Never Been Kissed":{"revenue":84565230,"release_date":"1999-04-09","poster":"/v8YxrN24SPlAUKAKYPyEELewzgZ.jpg","id":11355,"imdb":"tt0151738","cast":["Drew Barrymore","David Arquette","Michael Vartan","Molly Shannon","Jenny Bicks","Jessica Alba","John C. Reilly","James Franco","Octavia Spencer","Garry Marshall"],"metascore":60},"Bicentennial Man":{"revenue":93700000,"release_date":"1999-12-17","poster":"/wrUgXWR5hKi3pwAIGYLAlUglPz3.jpg","id":2277,"imdb":"tt0182789","cast":["Robin Williams","Sam Neill","Embeth Davidtz","Oliver Platt","Kiersten Warren","Wendy Crewson","Bradley Whitford","Hallie Kate Eisenberg","Lindze Letherman","Angela Landis"],"metascore":42},"Three Kings":{"revenue":108000000,"release_date":"1999-09-27","poster":"/uB9Kl71W50q5KwM6d06ho6sNuq1.jpg","id":6415,"imdb":"tt0120188","cast":["George Clooney","Mark Wahlberg","Ice Cube","Spike Jonze","Cliff Curtis","Nora Dunn","Jamie Kennedy"],"metascore":82},"My Favorite Martian":{"revenue":36850101,"release_date":"1999-02-11","poster":"/k1wWEHxXLTHXjiBghhPqDYRBuDn.jpg","id":9849,"imdb":"tt0120764","cast":["Jeff Daniels","Elizabeth Hurley","Daryl Hannah","Christopher Lloyd","Wallace Shawn","Christine Ebersole","Michael Lerner","T. K. Carter"],"metascore":null},"Cruel Intentions":{"revenue":75902208,"release_date":"1999-03-05","poster":"/a5O4kfxaw3PjANrpwOQlDEpOCcl.jpg","id":796,"imdb":"tt0139134","cast":["Sarah Michelle Gellar","Ryan Phillippe","Reese Witherspoon","Selma Blair","Louise Fletcher","Joshua Jackson","Eric Mabius","Sean Patrick Thomas","Christine Baranski","Alaina Reed Hall"],"metascore":56},"Eyes Wide Shut":{"revenue":162091208,"release_date":"1999-07-16","poster":"/c8X6UIbzbhBBuyuHRrzVzaCMbkZ.jpg","id":345,"imdb":"tt0120663","cast":["Tom Cruise","Nicole Kidman","Madison Eginton","Jackie Sawiris","Sydney Pollack","Leslie Lowe","Peter Benson","Todd Field","Michael Doven","Sky Dumont"],"metascore":68},"Gladiator":{"revenue":457640427,"release_date":"2000-05-01","poster":"/6WBIzCgmDCYrqh64yDREGeDk9d3.jpg","id":98,"imdb":"tt0172495","cast":["Russell Crowe","Joaquin Phoenix","Connie Nielsen","Oliver Reed","Richard Harris","Derek Jacobi","Djimon Hounsou","David Schofield","John Shrapnel","Tomas Arana"],"metascore":64},"How the Grinch Stole Christmas":{"revenue":345141403,"release_date":"2000-11-17","poster":"/yxrcPwWcc640w8o6PLKpjtLwd7a.jpg","id":8871,"imdb":"tt0170016","cast":["Jim Carrey","Taylor Momsen","Jeffrey Tambor","Christine Baranski","Bill Irwin","Molly Shannon","Clint Howard","Josh Ryan Evans","Mindy Sterling","Rachel Winfree"],"metascore":46},"Mission: Impossible II":{"revenue":565400000,"release_date":"2000-05-23","poster":"/yaL80VBDnxe2AoqXrXei5lVEIEP.jpg","id":955,"imdb":"tt0120755","cast":["Tom Cruise","Dougray Scott","Thandie Newton","Ving Rhames","Richard Roxburgh","John Polson","Brendan Gleeson","Rade Šerbedžija","William Mapother","Dominic Purcell"],"metascore":60},"The Perfect Storm":{"revenue":325756637,"release_date":"2000-06-26","poster":"/uARMPDyjiENKyUz7JRmQmLCH8L5.jpg","id":2133,"imdb":"tt0177971","cast":["George Clooney","Mark Wahlberg","Diane Lane","John C. Reilly","William Fichtner","Bob Gunton","Karen Allen","Allen Payne","Mary Elizabeth Mastrantonio","John Hawkes"],"metascore":59},"Fight Club":{"revenue":100853753,"release_date":"1999-10-14","poster":"/hpt3aa5i0TrSAnEdl3VJrRrje8C.jpg","id":550,"imdb":"tt0137523","cast":["Edward Norton","Brad Pitt","Helena Bonham Carter","Meat Loaf","Jared Leto","Zach Grenier","Holt McCallany","Eion Bailey","Richmond Arquette","David Andrews"],"metascore":66},"X-Men":{"revenue":157299717,"release_date":"2000-07-14","poster":"/4kYj7fUJzhEg7xz8J3oMPi7gDww.jpg","id":36657,"imdb":"tt0120903","cast":["Hugh Jackman","Patrick Stewart","Ian McKellen","Famke Janssen","James Marsden","Halle Berry","Anna Paquin","Tyler Mane","Ray Park","Rebecca Romijn"],"metascore":64},"What Women Want":{"revenue":374111707,"release_date":"2000-12-14","poster":"/xiL4PMdL2b5RRdsfEkGmaol2ScW.jpg","id":3981,"imdb":"tt0207201","cast":["Helen Hunt","Mel Gibson","Marisa Tomei","Lauren Holly","Mark Feuerstein","Alan Alda","Ashley Johnson","Delta Burke","Diana-Maria Riva","Eric Balfour"],"metascore":47},"Scary Movie":{"revenue":278019771,"release_date":"2000-07-07","poster":"/bvVmVFBVQLytK1H4TJTFdnhvf4T.jpg","id":4247,"imdb":"tt0175142","cast":["Carmen Electra","Dave Sheridan","Anna Faris","Jon Abrahams","Regina Hall","Marlon Wayans","Shannon Elizabeth","Cheri Oteri","Shawn Wayans","Keenen Ivory Wayans"],"metascore":48},"Crouching Tiger, Hidden Dragon":{"revenue":209000000,"release_date":"2000-10-09","poster":"/zooZQuDBqRpIoDjghEnNoIPFmyc.jpg","id":146,"imdb":"tt0190332","cast":["Michelle Yeoh","Zhang Ziyi","Chang Chen","Sihung Lung","Cheng Pei-pei","Fa Zeng Li","Xian Gao","Yan Hai","De Ming Wang","Li Li"],"metascore":93},"Charlie's Angels":{"revenue":264105545,"release_date":"2000-10-21","poster":"/7IS26H7GKNBtun0Sx8WWdaf3roX.jpg","id":4327,"imdb":"tt0160127","cast":["Cameron Diaz","Lucy Liu","Drew Barrymore","Bill Murray","John Forsythe","Sam Rockwell","Kelly Lynch","Tim Curry","Luke Wilson","Crispin Glover"],"metascore":52},"Miss Congeniality":{"revenue":212000000,"release_date":"2000-12-14","poster":"/7ujgPH708pOGvl2Y5IYvXeAGPC2.jpg","id":1493,"imdb":"tt0212346","cast":["Sandra Bullock","Benjamin Bratt","Michael Caine","Candice Bergen","William Shatner","Ernie Hudson","John DiResta","Heather Burns","Melissa De Sousa","Steve Monroe"],"metascore":43},"Meet the Parents":{"revenue":330444045,"release_date":"2000-10-05","poster":"/omw5eaaPFgIo3IGJBbAF5xIiMLp.jpg","id":1597,"imdb":"tt0212338","cast":["Ben Stiller","Robert De Niro","Teri Polo","Blythe Danner","Owen Wilson","Nicole DeHuff","Jon Abrahams","James Rebhorn","Thomas McCarthy","Phyllis George"],"metascore":73},"Big Momma's House":{"revenue":173959438,"release_date":"2000-05-31","poster":"/bse0uwxF6daKzDbxZki1SYRNZkI.jpg","id":9600,"imdb":"tt0208003","cast":["Martin Lawrence","Nia Long","Paul Giamatti","Jascha Washington","Terrence Howard","Octavia Spencer"],"metascore":33},"Remember the Titans":{"revenue":136706683,"release_date":"2000-09-28","poster":"/iI12IRzif2VjTkQJRDQw3WyWKdS.jpg","id":10637,"imdb":"tt0210945","cast":["Denzel Washington","Will Patton","Ryan Hurst","Wood Harris","Hayden Panettiere","Ryan Gosling"],"metascore":48},"Erin Brockovich":{"revenue":256271286,"release_date":"2000-03-13","poster":"/8WLnzPVUh9rSYGGQ11q4wfbwf6H.jpg","id":462,"imdb":"tt0195685","cast":["Julia Roberts","Albert Finney","Aaron Eckhart","Marg Helgenberger","Cherry Jones","Veanne Cox","Conchata Ferrell","Tracey Walter","Peter Coyote"],"metascore":73},"Gone In Sixty Seconds":{"revenue":237202299,"release_date":"2000-06-04","poster":"/nb2TRrlSdgi8wZAxTHdhsN0yMJw.jpg","id":9679,"imdb":"tt0187078","cast":["Nicolas Cage","Giovanni Ribisi","Angelina Jolie","T.J. Cross","Robert Duvall","William Lee Scott","Scott Caan","James Duval","Delroy Lindo","Timothy Olyphant"],"metascore":35},"Dinosaur":{"revenue":354248063,"release_date":"2000-05-18","poster":"/koIXDjD4acuzl6bDW6x30KU4WIc.jpg","id":10567,"imdb":"tt0130623","cast":["D. B. Sweeney","Alfre Woodard","Ossie Davis","Max Casella","Hayden Panettiere","Samuel E. Wright","Julianna Margulies","Peter Siragusa","Joan Plowright","Della Reese"],"metascore":56},"The Patriot":{"revenue":215294342,"release_date":"2000-06-28","poster":"/ovSDUsSvxIQrynlQv7f7ti4wyi.jpg","id":2024,"imdb":"tt0187393","cast":["Mel Gibson","Heath Ledger","Joely Richardson","Jason Isaacs","Tchéky Karyo","Chris Cooper","Lisa Brenner","Tom Wilkinson","Leon Rippy","Donal Logue"],"metascore":63},"Unbreakable":{"revenue":94999143,"release_date":"2000-11-13","poster":"/ndb1jugavBmgcfZKrfHXxC0T6al.jpg","id":9741,"imdb":"tt0217869","cast":["Bruce Willis","Samuel L. Jackson","Robin Wright","Spencer Treat Clark","John Patrick Amedori","Chance Kelly"],"metascore":62},"Me, Myself & Irene":{"revenue":149270999,"release_date":"2000-06-15","poster":"/fgw7ga7TZZrPV5TGSxYwe0y5BCN.jpg","id":2123,"imdb":"tt0183505","cast":["Jim Carrey","Jim Carrey","Renée Zellweger","Anthony Anderson","Mongo Brownlee","Kate Forster","Jerod Mixon","Chris Cooper","Cam Neely","Shannon Whirry"],"metascore":49},"Traffic":{"revenue":207515725,"release_date":"2000-12-27","poster":"/tnLpzBfHYrA9WBJoHCvW7xjspju.jpg","id":1900,"imdb":"tt0181865","cast":["Michael Douglas","Benicio del Toro","Jacob Vargas","Tomás Milián","Russell G. Jones","Michael O'Neill","Catherine Zeta-Jones","Dennis Quaid","Erika Christensen","Don Cheadle"],"metascore":86},"Chicken Run":{"revenue":224834564,"release_date":"2000-06-30","poster":"/z0MafJgUnVyVbczicYMkPKKHkBi.jpg","id":7443,"imdb":"tt0120630","cast":["Mel Gibson","Miranda Richardson","Timothy Spall","Imelda Staunton","Jane Horrocks","Phil Daniels","Lynn Ferguson","Tony Haygarth","Julia Sawalha","Benjamin Whitrow"],"metascore":88},"Scream 3":{"revenue":161834276,"release_date":"2000-02-03","poster":"/8mmObJf9L07wwF92gKdVb4lRXVC.jpg","id":4234,"imdb":"tt0134084","cast":["David Arquette","Neve Campbell","Courteney Cox","Patrick Dempsey","Parker Posey","Scott Foley","Deon Richmond","Emily Mortimer","Lance Henriksen","Jenny McCarthy"],"metascore":56},"The Family Man":{"revenue":75764085,"release_date":"2000-12-12","poster":"/tL3ehhaFBkXnp51FCn6kCs2CuiW.jpg","id":5994,"imdb":"tt0218967","cast":["Nicolas Cage","Téa Leoni","Don Cheadle","Saul Rubinek","Makenzie Vega","Ryan Milkovich","Jake Milkovich","Lisa Thornhill","Jeremy Piven","Amber Valletta"],"metascore":42},"U-571":{"revenue":127666415,"release_date":"2000-04-21","poster":"/6zdPIbSF9vxCBZpntNvishPo5ol.jpg","id":3536,"imdb":"tt0141926","cast":["Matthew McConaughey","Bill Paxton","Harvey Keitel","Jon Bon Jovi","David Keith","Thomas Kretschmann","Jake Weber","Jack Noseworthy","Tom Guiry","Will Estes"],"metascore":62},"Cast Away":{"revenue":429632142,"release_date":"2000-12-07","poster":"/w515BrZvczKIxbHurG6HIiYYrba.jpg","id":8358,"imdb":"tt0162222","cast":["Tom Hanks","Helen Hunt","Chris Noth","Paul Sanchez","Lari White","Leonid Citer","David Allen Brooks","Semion Sudarikov","Peter von Berg","Dmitri S. Boudrine"],"metascore":73},"Space Cowboys":{"revenue":90000000,"release_date":"2000-07-31","poster":"/mYfLdZEc8qFlCSNlBhkFyxwNUnR.jpg","id":5551,"imdb":"tt0186566","cast":["Clint Eastwood","Tommy Lee Jones","Donald Sutherland","James Garner","James Cromwell","Marcia Gay Harden","William Devane","Loren Dean","Courtney B. Vance","Barbara Babcock"],"metascore":73},"The Kid":{"revenue":69700000,"release_date":"2000-07-07","poster":"/2TLNxkNbxLXouYsu6DGXKwWXnTr.jpg","id":4244,"imdb":"tt0219854","cast":["Bruce Willis","Spencer Breslin","Emily Mortimer","Lily Tomlin","Chi McBride","Jean Smart","Dana Ivey","Daniel von Bargen","Stanley Anderson","Susan Dalian"],"metascore":45},"The Emperor's New Groove":{"revenue":169327687,"release_date":"2000-12-09","poster":"/klhsrqyhvFaoM6Rwjo9dFPYJQSK.jpg","id":11688,"imdb":"tt0120917","cast":["David Spade","Michael Herbig","John Goodman","Reinhard Brock","Eartha Kitt","Elke Sommer","Patrick Warburton","Thomas Amper"],"metascore":70},"Chocolat":{"revenue":152500343,"release_date":"2000-12-14","poster":"/qVKYduwLJ5HjbeVVYqYPSAhWQqh.jpg","id":392,"imdb":"tt0241303","cast":["Juliette Binoche","Alfred Molina","Johnny Depp","Carrie-Anne Moss","Judi Dench","Antonio Gil","Hélène Cardona","Hugh O'Conor","Lena Olin","Peter Stormare"],"metascore":64},"Vertical Limit":{"revenue":68473360,"release_date":"2000-12-08","poster":"/LYRvXwqgQGJoaxb8bB8i46X9wp.jpg","id":11678,"imdb":"tt0190865","cast":["Chris O'Donnell","Robin Tunney","Bill Paxton","Izabella Scorupco","Nicholas Lea","Temuera Morrison","Alexander Siddig","Stuart Wilson","Augie Davis"],"metascore":48},"Rules of Engagement":{"revenue":71000000,"release_date":"2000-03-31","poster":"/1UlrMyCza2xINltCyYgmAwQAx07.jpg","id":10479,"imdb":"tt0160797","cast":["Tommy Lee Jones","Samuel L. Jackson","Guy Pearce","Ben Kingsley","Bruce Greenwood","Anne Archer","Blair Underwood","Philip Baker Hall","Dale Dye","Amidou"],"metascore":45},"Hollow Man":{"revenue":73209340,"release_date":"2000-08-04","poster":"/ubc2Nf3fJirAUcxVLUismTSo4XD.jpg","id":9383,"imdb":"tt0164052","cast":["Elisabeth Shue","Kevin Bacon","Josh Brolin","Kim Dickens","Rhona Mitra"],"metascore":24},"Road Trip":{"revenue":119754278,"release_date":"2000-05-11","poster":"/iPnwSvvzwgB2tmjPs19WW8e36zX.jpg","id":9285,"imdb":"tt0215129","cast":["Breckin Meyer","Seann William Scott","Amy Smart","Paulo Costanzo","DJ Qualls","Tom Green","Rachel Blanchard","Marla Sucharetza"],"metascore":55},"The Cell":{"revenue":104155843,"release_date":"2000-08-17","poster":"/tu2rPoVBhEp9fZfOahkqbXSNsxS.jpg","id":8843,"imdb":"tt0209958","cast":["Jennifer Lopez","Vincent D'Onofrio","Vince Vaughn","Marianne Jean-Baptiste","Catherine Sutherland","James Gammon","Colton James","Dylan Baker","Gerry Becker","Musetta Vander"],"metascore":40},"Shaft":{"revenue":107196498,"release_date":"2000-06-15","poster":"/bqlpFp96uWu2VDpsm4MVvLXdumh.jpg","id":479,"imdb":"tt0162650","cast":["Samuel L. Jackson","Jeffrey Wright","Christian Bale","Busta Rhymes","Dan Hedaya","Toni Collette","Richard Roundtree","Pat Hingle","Philip Bosco","Vanessa Williams"],"metascore":50},"Coyote Ugly":{"revenue":113916474,"release_date":"2000-07-30","poster":"/15A92dWMP4anntYpAQ0Mzq7wtru.jpg","id":6282,"imdb":"tt0200550","cast":["Piper Perabo","Adam Garcia","John Goodman","Izabella Miko","Tyra Banks","Maria Bello","Greg Collins","Chip Chinery","Michael Bay","Stephanie Hodge"],"metascore":27},"Bring It On":{"revenue":90449929,"release_date":"2000-08-25","poster":"/yg0O6eGgrumDZ1bht3pqMjNaWon.jpg","id":1588,"imdb":"tt0204946","cast":["Kirsten Dunst","Eliza Dushku","Jesse Bradford","Gabrielle Union","Clare Kramer","Nicole Bilderback","Tsianina Joelson","Nathan West","Huntley Ritter","Shamari Fears"],"metascore":52},"102 Dalmatians":{"revenue":183611771,"release_date":"2000-11-21","poster":"/3ndvxCb8wHZ1yKQlzkCkwykvW9M.jpg","id":10481,"imdb":"tt0211181","cast":["Glenn Close","Ioan Gruffudd","Alice Evans","Tim McInnerny","Gérard Depardieu"],"metascore":35},"Mission to Mars":{"revenue":60874615,"release_date":"2000-03-06","poster":"/eco5chujn3Mt7HnuMTUIuobPMoX.jpg","id":2067,"imdb":"tt0183523","cast":["Gary Sinise","Tim Robbins","Don Cheadle","Connie Nielsen","Peter Outerbridge","Kavan Smith","Jill Teed","Elise Neal","Kim Delaney","Armin Mueller-Stahl"],"metascore":34},"Finding Forrester":{"revenue":80049764,"release_date":"2000-12-21","poster":"/msNpSoipcmMKaZRTlK3vHopHRAg.jpg","id":711,"imdb":"tt0181536","cast":["Sean Connery","Rob Brown","F. Murray Abraham","Anna Paquin","Busta Rhymes","April Grace","Michael Pitt","Michael Nouri"],"metascore":62},"Final Destination":{"revenue":53302314,"release_date":"2000-03-16","poster":"/dsQzDT39FLtNmOOYNjrCFsznn37.jpg","id":9532,"imdb":"tt0195714","cast":["Devon Sawa","Ali Larter","Kerr Smith","Tony Todd","Seann William Scott","Kristen Cloke"],"metascore":36},"The Hurricane":{"revenue":50668906,"release_date":"1999-09-17","poster":"/6SoTMHbcZ6XItPiEfIe1WzeET3c.jpg","id":10400,"imdb":"tt0174856","cast":["Denzel Washington","Vicellous Reon Shannon","Deborah Kara Unger","Liev Schreiber"],"metascore":74},"Romeo Must Die":{"revenue":91036760,"release_date":"2000-06-08","poster":"/pJfYg8odBx1NOVFafOM1ahfvr4V.jpg","id":2085,"imdb":"tt0165929","cast":["Jet Li","Aaliyah","Isaiah Washington","Russell Wong","DMX","Delroy Lindo","D. B. Woodside","Jon Kit Lee","Edoardo Ballerini"],"metascore":52},"Shanghai Noon":{"revenue":56932305,"release_date":"2000-05-26","poster":"/wcG2PA66Fbv2l7r0n59x1nuB5fd.jpg","id":8584,"imdb":"tt0184894","cast":["Jackie Chan","Owen Wilson","Lucy Liu","Xander Berkeley","Brandon Merrill","Roger Yuan","Yu Rong-Guang","Ya Hi Cui","Eric Chen","Jason Connery"],"metascore":77},"The Road to El Dorado":{"revenue":50802661,"release_date":"2000-03-31","poster":"/vHUQfuBZaG4DHiR1TnEQ8XvBgM0.jpg","id":10501,"imdb":"tt0138749","cast":["Kenneth Branagh","Kevin Kline","Rosie Perez","Armand Assante"],"metascore":51},"The Tigger Movie":{"revenue":45554533,"release_date":"2000-02-11","poster":"/qhiNJzT2IbK9MkMVQFr0Jk4Pj8h.jpg","id":15655,"imdb":"tt0220099","cast":["Jim Cummings","Jim Cummings","Nikita Hopkins","Ken Sansom","John Fiedler","Peter Cullen","Andre Stojka","Kath Soucie","Tom Attenborough"],"metascore":53},"Dude, Where’s My Car?":{"revenue":73180723,"release_date":"2000-12-15","poster":"/3KoZiWlgvmeDYiLk9oOMpEvZThb.jpg","id":8859,"imdb":"tt0242423","cast":["Ashton Kutcher","Seann William Scott","Kristy Swanson","Jennifer Garner","Marla Sokoloff"],"metascore":30},"Harry Potter and the Philosopher's Stone":{"revenue":976475550,"release_date":"2001-11-14","poster":"/uLGaJ9FgPWf7EUgwjp9RTmHemw8.jpg","id":671,"imdb":"tt0241527","cast":["Daniel Radcliffe","Rupert Grint","Emma Watson","Richard Harris","Maggie Smith","Robbie Coltrane","Saunders Triplets","Fiona Shaw","Harry Melling","Richard Griffiths"],"metascore":64},"Men of Honor":{"revenue":48814909,"release_date":"2000-11-09","poster":"/4mCuFJ0r3lV1A8Vj5tq6O9aBpjZ.jpg","id":11978,"imdb":"tt0203019","cast":["Robert De Niro","Cuba Gooding, Jr.","Charlize Theron","Aunjanue Ellis","Glynn Turman"],"metascore":56},"O Brother, Where Art Thou?":{"revenue":71000000,"release_date":"2000-12-21","poster":"/vWGpHTmkZdKJJWpZ0ngPVHsq68l.jpg","id":134,"imdb":"tt0190590","cast":["George Clooney","John Turturro","Tim Blake Nelson","John Goodman","Holly Hunter","Chris Thomas King","Charles Durning","Del Pentecost","Michael Badalucco","J.R. Horne"],"metascore":69},"Frequency":{"revenue":68106245,"release_date":"2000-04-28","poster":"/n0QAAZmIaPPIShVkk8eiKwfGV9.jpg","id":10559,"imdb":"tt0186151","cast":["Dennis Quaid","Jim Caviezel","Shawn Doyle","Elizabeth Mitchell","Andre Braugher","Noah Emmerich","Michael Cera","Melissa Errico","Peter MacNeill","Daniel Henson"],"metascore":67},"Monsters, Inc.":{"revenue":558523378,"release_date":"2001-11-01","poster":"/vawVZynP3nxXYdohD6lOXN94b2L.jpg","id":585,"imdb":"tt0198781","cast":["John Goodman","Billy Crystal","Mary Gibbs","Steve Buscemi","James Coburn","Jennifer Tilly","Bob Peterson","John Ratzenberger","Frank Oz"],"metascore":78},"Planet of the Apes":{"revenue":362211740,"release_date":"2001-07-26","poster":"/gYQKMOwLolMRyofpRzXPAawiLPC.jpg","id":869,"imdb":"tt0133152","cast":["Mark Wahlberg","Tim Roth","Helena Bonham Carter","Michael Clarke Duncan","Kris Kristofferson","Estella Warren","Paul Giamatti","Cary-Hiroyuki Tagawa","Glenn Shadix","Charlton Heston"],"metascore":50},"The Lord of the Rings: The Fellowship of the Ring":{"revenue":871368364,"release_date":"2001-12-19","poster":"/9HG6pINW1KoFTAKY3LdybkoOKAm.jpg","id":120,"imdb":"tt0120737","cast":["Elijah Wood","Ian McKellen","Viggo Mortensen","Liv Tyler","Orlando Bloom","John Rhys-Davies","Sean Bean","Christopher Lee","Sean Astin","Billy Boyd"],"metascore":92},"Shrek":{"revenue":484409218,"release_date":"2001-04-21","poster":"/140ewbWv8qHStD3mlBDvvGd0Zvu.jpg","id":808,"imdb":"tt0126029","cast":["Mike Myers","Eddie Murphy","Cameron Diaz","John Lithgow","Vincent Cassel","Peter Dennis","Clive Pearse","Jim Cummings","Bobby Block","Chris Miller"],"metascore":84},"Ocean's Eleven":{"revenue":450717150,"release_date":"2001-12-06","poster":"/5gkZ8PL3JZXXgq398xWzaxVB1Sc.jpg","id":161,"imdb":"tt0240772","cast":["George Clooney","Brad Pitt","Matt Damon","Andy García","Julia Roberts","Casey Affleck","Scott Caan","Carl Reiner","Don Cheadle","Bernie Mac"],"metascore":74},"Rush Hour 2":{"revenue":347325802,"release_date":"2001-08-03","poster":"/xG43wsvHpOp2QIj2JGQEvmK8dgC.jpg","id":5175,"imdb":"tt0266915","cast":["Chris Tucker","Jackie Chan","Zhang Ziyi","Roselyn Sánchez","Ernie Reyes, Jr.","Don Cheadle","John Lone","Maggie Q","Alan King"],"metascore":48},"Pearl Harbor":{"revenue":449220945,"release_date":"2001-05-21","poster":"/lDMbUeNFx1Rpkvl62vzPlGuYOxP.jpg","id":676,"imdb":"tt0213149","cast":["Ben Affleck","Josh Hartnett","Kate Beckinsale","Cuba Gooding, Jr.","Jon Voight","Alec Baldwin","Tom Sizemore","William Lee Scott","Greg Zola","Ewen Bremner"],"metascore":44},"Hannibal":{"revenue":165092266,"release_date":"2001-02-08","poster":"/wmuxJ9Kscg0SuGlfg2ARmGgHvOF.jpg","id":9740,"imdb":"tt0212985","cast":["Anthony Hopkins","Julianne Moore","Gary Oldman","Ray Liotta","David Andrews","Frankie Faison","Giancarlo Giannini","Francesca Neri","Željko Ivanek","Hazelle Goodman"],"metascore":57},"Jurassic Park III":{"revenue":368780809,"release_date":"2001-07-15","poster":"/2Cntu42uyBVJsadHnIUfGlxJaYL.jpg","id":331,"imdb":"tt0163025","cast":["Sam Neill","William H. Macy","Téa Leoni","Trevor Morgan","Alessandro Nivola","Michael Jeter","John Diehl","Bruce A. Young","Laura Dern","Taylor Nichols"],"metascore":42},"The Mummy Returns":{"revenue":433013274,"release_date":"2001-04-28","poster":"/5rVzOYzDHchm1UimtxmlEH6KEEH.jpg","id":1734,"imdb":"tt0209163","cast":["Brendan Fraser","Rachel Weisz","John Hannah","Arnold Vosloo","Oded Fehr","Dwayne Johnson","Freddie Boath","Patricia Velásquez","Alun Armstrong","Adewale Akinnuoye-Agbaje"],"metascore":48},"Black Hawk Down":{"revenue":172989651,"release_date":"2001-12-28","poster":"/yUzQ4r3q1Dy0bUAkMvUIwf0rPpR.jpg","id":855,"imdb":"tt0265086","cast":["Josh Hartnett","Ewan McGregor","Jason Isaacs","Tom Sizemore","William Fichtner","Eric Bana","Ewen Bremner","Sam Shepard","Tom Hardy"],"metascore":74},"A Beautiful Mind":{"revenue":313542341,"release_date":"2001-12-12","poster":"/4SFqHDZ1NvWdysucWbgnYlobdxC.jpg","id":453,"imdb":"tt0268978","cast":["Russell Crowe","Ed Harris","Jennifer Connelly","Christopher Plummer","Paul Bettany","Adam Goldberg","Josh Lucas","Anthony Rapp","Jason Gray-Stanford","Judd Hirsch","Austin Pendleton"],"metascore":72},"American Pie 2":{"revenue":287553595,"release_date":"2001-08-06","poster":"/q4LNgUnRfltxzp3gf1MAGiK5LhV.jpg","id":2770,"imdb":"tt0252866","cast":["Jason Biggs","Thomas Ian Nicholas","Chris Klein","Seann William Scott","Eddie Kaye Thomas","Shannon Elizabeth","Alyson Hannigan","Natasha Lyonne","Tara Reid","Mena Suvari"],"metascore":43},"Lara Croft: Tomb Raider":{"revenue":274703340,"release_date":"2001-06-11","poster":"/m6aodY7SrvlTRiUFkxClaNAIQT.jpg","id":1995,"imdb":"tt0146316","cast":["Angelina Jolie","Jon Voight","Iain Glen","Noah Taylor","Daniel Craig","Robert Phillips","Richard Johnson","Chris Barrie","Rachel Appleton","Julian Rhind-Tutt"],"metascore":33},"The Fast and the Furious":{"revenue":207283925,"release_date":"2001-06-17","poster":"/3cucyEuLOOjjJ8nem5facsTEy68.jpg","id":9799,"imdb":"tt0232500","cast":["Paul Walker","Vin Diesel","Michelle Rodriguez","Jordana Brewster","Rick Yune","Chad Lindberg","Johnny Strong","Matt Schulze","Ted Levine","Ja Rule"],"metascore":58},"Vanilla Sky":{"revenue":203388341,"release_date":"2001-12-10","poster":"/eMc34dLOqqei505wBGwfY1Y48Tu.jpg","id":1903,"imdb":"tt0259711","cast":["Tom Cruise","Penélope Cruz","Cameron Diaz","Kurt Russell","Jason Lee","Noah Taylor","Timothy Spall","Tilda Swinton","Armand Schultz","Alicia Witt"],"metascore":45},"The Princess Diaries":{"revenue":165335153,"release_date":"2001-08-03","poster":"/A3MEJcxjr0iOjTMsQSCNTc1B4E2.jpg","id":9880,"imdb":"tt0247638","cast":["Anne Hathaway","Julie Andrews","Heather Matarazzo","Robert Schwartzman","Héctor Elizondo","Mandy Moore","Caroline Goodall","Erik von Detten","Sandra Oh","Patrick Flueger"],"metascore":52},"Save the Last Dance":{"revenue":91038276,"release_date":"2001-01-12","poster":"/jnutEFGGdjJrLDxzJykI4ZviGe8.jpg","id":9816,"imdb":"tt0206275","cast":["Julia Stiles","Sean Patrick Thomas","Kerry Washington","Fredro Starr","Terry Kinney","Bianca Lawson","Vince Green","Garland Whitt","Elisabeth Oas","Artel Great"],"metascore":53},"The Others":{"revenue":209947037,"release_date":"2001-08-10","poster":"/3G6dJZj89DgTQn2YULTA5IduoTS.jpg","id":1933,"imdb":"tt0230600","cast":["Nicole Kidman","Christopher Eccleston","Alakina Mann","James Bentley","Eric Sykes","Elaine Cassidy","Renée Asherson","Keith Allen","Michelle Fairley","Alexander Vince"],"metascore":74},"Along Came a Spider":{"revenue":70058698,"release_date":"2001-07-11","poster":"/1ZjDmPKMUtout8hR77qmK1llgls.jpg","id":2043,"imdb":"tt0164334","cast":["Morgan Freeman","Monica Potter","Michael Wincott","Dylan Baker","Mika Boorem","Anton Yelchin","Jay O. Sanders","Billy Burke","Michael Moriarty","Penelope Ann Miller"],"metascore":42},"Jimmy Neutron: Boy Genius":{"revenue":80936232,"release_date":"2001-12-21","poster":"/l8p1fcUaqGJJMvPFtnXC2Uz079f.jpg","id":12589,"imdb":"tt0268397","cast":["Debi Derryberry","Megan Cavanagh","Mark DeCarlo","Jeffrey Garcia"],"metascore":65},"Cats & Dogs":{"revenue":93375151,"release_date":"2001-07-04","poster":"/1RLlzNwnrpMMNFt71OVFAnJp6ww.jpg","id":10992,"imdb":"tt0239395","cast":["Jeff Goldblum","Elizabeth Perkins","Alexander Pollock","Miriam Margolyes"],"metascore":47},"Atlantis: The Lost Empire":{"revenue":186053725,"release_date":"2001-06-15","poster":"/pJx5AMkZL5BzmkQbf6x7X7Oj9Hf.jpg","id":10865,"imdb":"tt0230011","cast":["Michael J. Fox","Corey Burton","Claudia Christian","James Garner","John Mahoney","Phil Morris","Leonard Nimoy","Don Novello","Jacqueline Obradors","Florence Stanley"],"metascore":52},"The Mexican":{"revenue":147845033,"release_date":"2001-03-01","poster":"/a7PuqWv0ENFg8dt9k51AID6P1kh.jpg","id":6073,"imdb":"tt0236493","cast":["Brad Pitt","Julia Roberts","James Gandolfini","J.K. Simmons","Gene Hackman","Bob Balaban","Michael Cerveris","Richard Coca","David Krumholtz"],"metascore":43},"Bridget Jones's Diary":{"revenue":281929795,"release_date":"2001-03-13","poster":"/bSr5bdlAumfBWCibvMLvhvMEkkB.jpg","id":634,"imdb":"tt0243155","cast":["Renée Zellweger","Colin Firth","Hugh Grant","Gemma Jones","Jim Broadbent","James Callis","Sally Phillips","Shirley Henderson","Embeth Davidtz","Lisa Barbuscia"],"metascore":66},"Spy Game":{"revenue":143049560,"release_date":"2001-11-18","poster":"/hsb8hBeU3tkTX8SUYW6YYw6JPYD.jpg","id":1535,"imdb":"tt0266987","cast":["Robert Redford","Brad Pitt","Catherine McCormack","Stephen Dillane","Larry Bryggman","Marianne Jean-Baptiste","Matthew Marsh","Todd Boyce","Michael Paul Chan","Garrick Hagon"],"metascore":63},"Training Day":{"revenue":104876233,"release_date":"2001-10-05","poster":"/sDT2biSB7wzBJdXq9o3ldr7VfvY.jpg","id":2034,"imdb":"tt0139654","cast":["Denzel Washington","Ethan Hawke","Scott Glenn","Tom Berenger","Harris Yulin","Cliff Curtis","Snoop Dogg","Dr. Dre","Eva Mendes","Nick Chinlund"],"metascore":70},"Shallow Hal":{"revenue":70836296,"release_date":"2001-11-01","poster":"/xhdJKfDp7TihFcO5CF6BFY1xImE.jpg","id":9889,"imdb":"tt0256380","cast":["Gwyneth Paltrow","Jack Black","Jason Alexander","Joe Viterelli","Bruce McGill","Tony Robbins","Susan Ward","Zen Gesner","Brooke Burns","Rob Moran"],"metascore":48},"Ali":{"revenue":87713825,"release_date":"2001-12-11","poster":"/gCGoMZXGdU7DY8xgKYle6dJGksT.jpg","id":8489,"imdb":"tt0248667","cast":["Will Smith","Jamie Foxx","Jon Voight","Mario Van Peebles","Ron Silver","Jeffrey Wright","Mykelti Williamson","Jada Pinkett Smith","Nona Gaye","Michael Michele"],"metascore":65},"Scary Movie 2":{"revenue":141220678,"release_date":"2001-07-04","poster":"/tSGWhSResV2Cnqqr91TGKyZzf79.jpg","id":4248,"imdb":"tt0257106","cast":["Anna Faris","Marlon Wayans","James DeBello","Shawn Wayans","David Cross","Christopher Masterson","Regina Hall","Tim Curry","Kathleen Robertson","Chris Elliott"],"metascore":29},"Moulin Rouge!":{"revenue":177677823,"release_date":"2001-05-16","poster":"/zsphaxX7NaZyFTYpdlo2yz7q7wy.jpg","id":824,"imdb":"tt0203009","cast":["Nicole Kidman","Ewan McGregor","John Leguizamo","Jim Broadbent","Richard Roxburgh","Garry McDonald","Jacek Koman","Matthew Whittet","Kerry Walker","Caroline O'Connor"],"metascore":66},"The Wedding Planner":{"revenue":94728529,"release_date":"2001-01-26","poster":"/zaoZcfGwSm3tVBFnhX6JstB9BsK.jpg","id":2018,"imdb":"tt0209475","cast":["Jennifer Lopez","Matthew McConaughey","Justin Chambers","Joanna Gleason","Lou Myers","Kathy Najimy","Charles Kimbrough","Judy Greer","Bridgette Wilson","Alex Rocco"],"metascore":33},"The Score":{"revenue":71069884,"release_date":"2001-07-13","poster":"/8d9HG9An0WOPNQywo99QyEptLHz.jpg","id":11371,"imdb":"tt0227445","cast":["Robert De Niro","Marlon Brando","Angela Bassett","Edward Norton","Paul Soles","Jean-Rene Ouellet","Jean-Rene Ouellet","Jamie Harrold","Mark Camacho"],"metascore":71},"A Knight's Tale":{"revenue":117487473,"release_date":"2001-05-08","poster":"/1ZUpkMivvlF0ZoyXQzHF4El3izv.jpg","id":9476,"imdb":"tt0183790","cast":["Heath Ledger","Rufus Sewell","Shannyn Sossamon","Paul Bettany","Laura Fraser","Mark Addy","Alan Tudyk","James Purefoy"],"metascore":54},"Behind Enemy Lines":{"revenue":91753202,"release_date":"2001-11-17","poster":"/dl1OgKeKxKQsOAqGM7TZRNozbKf.jpg","id":8007,"imdb":"tt0159273","cast":["Owen Wilson","Gene Hackman","Gabriel Macht","Charles Malik Whitfield","David Keith","Olek Krupa","Joaquim de Almeida"],"metascore":49},"The Royal Tenenbaums":{"revenue":52307676,"release_date":"2001-10-05","poster":"/haT018c3pbuv9d67wwcHe0PwKET.jpg","id":9428,"imdb":"tt0265666","cast":["Gene Hackman","Anjelica Huston","Ben Stiller","Gwyneth Paltrow","Luke Wilson","Owen Wilson","Bill Murray","Danny Glover","Alec Baldwin","Seymour Cassel"],"metascore":75},"Rat Race":{"revenue":85498534,"release_date":"2001-07-30","poster":"/41C7mmlYiu0lWB9ARDN4kvKMOcJ.jpg","id":9896,"imdb":"tt0250687","cast":["Cuba Gooding, Jr.","Seth Green","Whoopi Goldberg","Breckin Meyer","Amy Smart","John Cleese","Wayne Knight","Vince Vieluf","Lanei Chapman","Jon Lovitz"],"metascore":52},"Blow":{"revenue":83282296,"release_date":"2001-04-05","poster":"/yCLLbZzAa7jreGus7pvjZmL0bj7.jpg","id":4133,"imdb":"tt0221027","cast":["Johnny Depp","Penélope Cruz","Ethan Suplee","Ray Liotta","Franka Potente","Rachel Griffiths","Paul Reubens","Jordi Mollà","Cliff Curtis","Miguel Sandoval"],"metascore":52},"Serendipity":{"revenue":77516304,"release_date":"2001-10-05","poster":"/1ahgQx7gLqC3OfsjwMgrxMNDuUS.jpg","id":9778,"imdb":"tt0240890","cast":["John Cusack","Kate Beckinsale","Jeremy Piven","Bridget Moynahan","Eugene Levy","Lilli Lavine","Michael Guarino Jr.","Abdul Alshawish","Stephen Bruce","David Sparrow"],"metascore":52},"The Animal":{"revenue":84772742,"release_date":"2001-06-01","poster":"/pY9JyFaLzTdqTui3xLTVXaElGwE.jpg","id":11090,"imdb":"tt0255798","cast":["Rob Schneider","Colleen Haskell","John C. McGinley","Edward Asner"],"metascore":43},"Domestic Disturbance":{"revenue":54249294,"release_date":"2001-10-30","poster":"/2rD850CRE2kX9ZVFdkSTUccnpYj.jpg","id":11456,"imdb":"tt0249478","cast":["John Travolta","James Lashly","Rebecca Tilney","Debra Mooney","Teri Polo","Steve Buscemi","Vince Vaughn","Rodney Pike"],"metascore":29},"Exit Wounds":{"revenue":79958599,"release_date":"2001-03-13","poster":"/ioPpykV342e0zIuqbJxdOwcMZMS.jpg","id":10877,"imdb":"tt0242445","cast":["Steven Seagal","DMX","Isaiah Washington","Anthony Anderson","Bill Duke"],"metascore":39},"K-PAX":{"revenue":50315140,"release_date":"2001-10-22","poster":"/mkIvzG0MxFblhJRFEfQsl3n5imu.jpg","id":167,"imdb":"tt0272152","cast":["Jeff Bridges","Kevin Spacey","Mary McCormack","Alfre Woodard","Ajay Naidu","Vincent Laresca","Kimberly Scott","Conchata Ferrell","Saul Williams","Peter Gerety"],"metascore":49},"My Big Fat Greek Wedding":{"revenue":368744044,"release_date":"2002-02-22","poster":"/vqGs8K6MdMHVPMTgMhzKHBVgu0t.jpg","id":8346,"imdb":"tt0259446","cast":["Nia Vardalos","John Corbett","Lainie Kazan","Michael Constantine","Andrea Martin","Joey Fatone","Louis Mandylor","Gia Carides","Christina Eleusiniotis","Marita Zouravlioff"],"metascore":62},"Signs":{"revenue":408247917,"release_date":"2002-08-02","poster":"/uyZXsW00i9e4PtRF0z5LFUqk4W8.jpg","id":2675,"imdb":"tt0286106","cast":["Mel Gibson","Joaquin Phoenix","Rory Culkin","Abigail Breslin","Cherry Jones","M. Night Shyamalan","Patricia Kalember","Ted Sutton","Merritt Wever"],"metascore":59},"Zoolander":{"revenue":60780981,"release_date":"2001-09-27","poster":"/zNBryDxDAScAgKat8X18K2Jtg6k.jpg","id":9398,"imdb":"tt0196229","cast":["Ben Stiller","Owen Wilson","Christine Taylor","Will Ferrell","Milla Jovovich","Jerry Stiller","David Duchovny","Jon Voight","Donald Trump","Christian Slater"],"metascore":61},"Austin Powers in Goldmember":{"revenue":296633907,"release_date":"2002-07-22","poster":"/tFR7dTbX5BsmoUwKHfa2cWoZbwK.jpg","id":818,"imdb":"tt0295178","cast":["Mike Myers","Beyoncé Knowles","Seth Green","Michael York","Mindy Sterling","Verne Troyer","Michael Caine","Fred Savage","Diane Mizota","Carrie Ann Inaba"],"metascore":62},"Die Another Day":{"revenue":431971116,"release_date":"2002-11-17","poster":"/irNk0nXr6dccYPwlQwtmDlJbrAv.jpg","id":36669,"imdb":"tt0246460","cast":["Pierce Brosnan","Halle Berry","Rosamund Pike","Rick Yune","Toby Stephens","John Cleese","Lawrence Makoare","Michael Madsen","Will Yun Lee","Judi Dench"],"metascore":56},"The Lord of the Rings: The Two Towers":{"revenue":926287400,"release_date":"2002-12-18","poster":"/5o5fv1dHG7vWoH2hmqwihVPBoBm.jpg","id":121,"imdb":"tt0167261","cast":["Elijah Wood","Ian McKellen","Viggo Mortensen","Liv Tyler","Orlando Bloom","John Rhys-Davies","Christopher Lee","Sean Astin","Billy Boyd","Dominic Monaghan"],"metascore":88},"Chicago":{"revenue":306776732,"release_date":"2002-12-27","poster":"/18pCc2XZ5MO7wsywOYEbhoeuxNw.jpg","id":1574,"imdb":"tt0299658","cast":["Catherine Zeta-Jones","Renée Zellweger","Queen Latifah","Richard Gere","Christine Baranski","Taye Diggs","Cliff Saunders","Dominic West","John C. Reilly","Colm Feore"],"metascore":82},"Star Wars: Episode II - Attack of the Clones":{"revenue":649398328,"release_date":"2002-05-16","poster":"/2vcNFtrZXNwIcBgH5e2xXCmVR8t.jpg","id":1894,"imdb":"tt0121765","cast":["Ewan McGregor","Natalie Portman","Hayden Christensen","Christopher Lee","Ian McDiarmid","Samuel L. Jackson","Rose Byrne","Frank Oz","Anthony Daniels","Kenny Baker"],"metascore":53},"Men in Black II":{"revenue":441818803,"release_date":"2002-07-02","poster":"/gnUTg5odGkvmKogtrqjcFs89kRa.jpg","id":608,"imdb":"tt0120912","cast":["Tommy Lee Jones","Will Smith","Rip Torn","Lara Flynn Boyle","Johnny Knoxville","Rosario Dawson","Tony Shalhoub","Patrick Warburton","Jack Kehler","David Cross"],"metascore":49},"Ice Age":{"revenue":383259213,"release_date":"2002-03-15","poster":"/7vYhg6vQnLlNC2zMUUO8CZG3rd8.jpg","id":425,"imdb":"tt0268380","cast":["Ray Romano","John Leguizamo","Denis Leary","Goran Višnjić","Jack Black","Cedric the Entertainer","Stephen Root","Diedrich Bader","Alan Tudyk","Lorri Bagley"],"metascore":60},"Harry Potter and the Chamber of Secrets":{"revenue":876688482,"release_date":"2002-11-03","poster":"/xyWKIBq7EVSIXEdxLi9hJWopz4J.jpg","id":672,"imdb":"tt0295297","cast":["Daniel Radcliffe","Rupert Grint","Emma Watson","Kenneth Branagh","Richard Harris","Alan Rickman","Robbie Coltrane","Maggie Smith","Heather Bleasdale","Sean Biggerstaff"],"metascore":63},"The Bourne Identity":{"revenue":214034224,"release_date":"2002-06-06","poster":"/bXQIL36VQdzJ69lcjQR1WQzJqQR.jpg","id":2501,"imdb":"tt0258463","cast":["Matt Damon","Franka Potente","Chris Cooper","Clive Owen","Brian Cox","Adewale Akinnuoye-Agbaje","Julia Stiles","Gabriel Mann","Walton Goggins","Josh Hamilton"],"metascore":68},"xXx":{"revenue":277448382,"release_date":"2002-08-09","poster":"/fPHNTG1OXFBQ6aEVO7Lv8tSgfrY.jpg","id":7451,"imdb":"tt0295701","cast":["Vin Diesel","Asia Argento","Marton Csokas","Samuel L. Jackson","Michael Roof","Petr Jákl","Richy Müller","Joe Bucaro III","Eve"],"metascore":48},"The Santa Clause 2":{"revenue":139225854,"release_date":"2002-10-31","poster":"/uCtvhRSmwgG8AGsRNtaaxWtzgRx.jpg","id":9021,"imdb":"tt0304669","cast":["Tim Allen","Elizabeth Mitchell","David Krumholtz","Eric Lloyd","Spencer Breslin","Judge Reinhold","Wendy Crewson","Aisha Tyler","Kevin Pollak"],"metascore":48},"Spider-Man":{"revenue":806000000,"release_date":"2002-05-02","poster":"/iGncxfVLgXzFt1owUDeA5NmSG7f.jpg","id":557,"imdb":"tt0145487","cast":["Tobey Maguire","Willem Dafoe","Kirsten Dunst","James Franco","Cliff Robertson","J.K. Simmons","Joe Manganiello","Gerry Becker","Rosemary Harris","Bill Nunn"],"metascore":73},"Minority Report":{"revenue":358372926,"release_date":"2002-06-20","poster":"/h3lpltSn7Rj1eYTPQO1lYGdw4Bz.jpg","id":180,"imdb":"tt0181689","cast":["Tom Cruise","Max von Sydow","Steve Harris","Neal McDonough","Jessica Capshaw","Colin Farrell","Samantha Morton","Lois Smith","Kathryn Morris","Peter Stormare"],"metascore":80},"The Ring":{"revenue":249348933,"release_date":"2002-10-18","poster":"/zMVpi0ohdlZw6st07SAbHYu7b9W.jpg","id":565,"imdb":"tt0298130","cast":["Naomi Watts","Martin Henderson","David Dorfman","Brian Cox","Shannon Cochran","Daveigh Chase","Rachael Bella","Jane Alexander","Lindsay Frost","Amber Tamblyn"],"metascore":57},"Road to Perdition":{"revenue":181001478,"release_date":"2002-07-12","poster":"/jn0GH8klINSQtRNifY8W2Kv4ajl.jpg","id":4147,"imdb":"tt0257044","cast":["Tom Hanks","Jennifer Jason Leigh","Liam Aiken","Paul Newman","Daniel Craig","Ciarán Hinds","David Darlow","Kevin Chamberlin","Doug Spinuzza"],"metascore":72},"Mr. Deeds":{"revenue":171269535,"release_date":"2002-06-28","poster":"/3zFQcZbJzXv5VH3WgQxXbDNgONu.jpg","id":2022,"imdb":"tt0280590","cast":["Adam Sandler","Winona Ryder","John Turturro","Allen Covert","Peter Gallagher","Erick Avari","Jared Harris","Steve Buscemi","Conchata Ferrell","Peter Dante"],"metascore":24},"8 Mile":{"revenue":215000000,"release_date":"2002-11-08","poster":"/dXzTrKwpbLpCqn8O70FUUhNbYQT.jpg","id":65,"imdb":"tt0298203","cast":["Eminem","Mekhi Phifer","Kim Basinger","Brittany Murphy","Michael Shannon","Taryn Manning","Anthony Mackie"],"metascore":77},"Sweet Home Alabama":{"revenue":127214072,"release_date":"2002-09-27","poster":"/suMTT3YgqeUg9vDJB0xZQhcekh7.jpg","id":11529,"imdb":"tt0256415","cast":["Reese Witherspoon","Josh Lucas","Patrick Dempsey","Candice Bergen","Rhona Mitra"],"metascore":45},"Two Weeks Notice":{"revenue":93354918,"release_date":"2002-12-18","poster":"/oDxJfvHz6dEVvbTGH2SmLu5HA7q.jpg","id":2642,"imdb":"tt0313737","cast":["Sandra Bullock","Hugh Grant","Alicia Witt","Dana Ivey","Robert Klein","Heather Burns","David Haig","Dorian Missick","Veanne Cox","Janine LaManna"],"metascore":42},"The Sum of All Fears":{"revenue":118471320,"release_date":"2002-05-31","poster":"/k3ZJrGAccBocurYccRyD3aP6ltV.jpg","id":4614,"imdb":"tt0164184","cast":["Ben Affleck","Morgan Freeman","James Cromwell","Ken Jenkins","Liev Schreiber","Bruce McGill","John Beasley","Philip Baker Hall","Bridget Moynahan","Ciarán Hinds"],"metascore":45},"The Scorpion King":{"revenue":164996077,"release_date":"2002-04-17","poster":"/gJ8uUDGfZuFyvuJDhgXh44dYqGh.jpg","id":9334,"imdb":"tt0277296","cast":["Dwayne Johnson","Kelly Hu","Michael Clarke Duncan","Steven Brand","Bernard Hill","Grant Heslov","Peter Facinelli","Ralf Möller","Branscombe Richmond","Roger Rees"],"metascore":45},"Blade II":{"revenue":155010032,"release_date":"2002-03-21","poster":"/jlURNpXCMK830CsGRd939PJLh8c.jpg","id":36586,"imdb":"tt0187738","cast":["Wesley Snipes","Kris Kristofferson","Leonor Varela","Norman Reedus","Thomas Kretschmann","Luke Goss","Matt Schulze","Danny John-Jules","Donnie Yen","Ron Perlman"],"metascore":52},"Catch Me If You Can":{"revenue":351112395,"release_date":"2002-12-25","poster":"/gq68WGfnl7Kv8v29L8PJQRxtheE.jpg","id":640,"imdb":"tt0264464","cast":["Leonardo DiCaprio","Tom Hanks","Christopher Walken","Martin Sheen","Amy Adams","James Brolin","Brian Howe","Frank John Hughes","Steve Eastin","Chris Ellis"],"metascore":76},"Panic Room":{"revenue":196397415,"release_date":"2002-03-29","poster":"/tvmKIUsdvRZ2aSvvrxGp9H9XuIK.jpg","id":4547,"imdb":"tt0258000","cast":["Jodie Foster","Kristen Stewart","Forest Whitaker","Dwight Yoakam","Jared Leto","Patrick Bauchau","Ann Magnuson","Ian Buchanan","Andrew Kevin Walker","Paul Schulze"],"metascore":65},"Barbershop":{"revenue":75781642,"release_date":"2002-08-06","poster":"/7WB5ULvA6TLfypq8JlW1xUHCVgj.jpg","id":10611,"imdb":"tt0303714","cast":["Ice Cube","Anthony Anderson","Cedric the Entertainer","Sean Patrick Thomas","Eve","DeRay Davis","Troy Garity","Michael Ealy","Keith David"],"metascore":66},"Maid in Manhattan":{"revenue":154906693,"release_date":"2002-12-13","poster":"/3LQ4wKp4lF41yTTRSd6QdgD6eXO.jpg","id":7303,"imdb":"tt0252076","cast":["Jennifer Lopez","Ralph Fiennes","Natasha Richardson","Stanley Tucci","Tyler Posey","Bob Hoskins","Di Quon","Lisa Roberts Gillan","Chris Eigeman","Frances Conroy"],"metascore":45},"The Rookie":{"revenue":75597042,"release_date":"2002-03-25","poster":"/9SrMGlJnnANPOFyq9e8OOszKmDR.jpg","id":14635,"imdb":"tt0265662","cast":["Dennis Quaid","Rachel Griffiths","Beth Grant","Angus T. Jones","Brian Cox","Chad Lindberg","Angelo Spizzirri","Jay Hernandez"],"metascore":72},"We Were Soldiers":{"revenue":114660784,"release_date":"2002-03-01","poster":"/ljRhPvK7XHZeIqFss33ciOUITwn.jpg","id":10590,"imdb":"tt0277434","cast":["Mel Gibson","Greg Kinnear","Madeleine Stowe","Sam Elliott","Chris Klein","Keri Russell","Barry Pepper","Clark Gregg","Marc Blucas","Jsu Garcia"],"metascore":65},"Insomnia":{"revenue":67000000,"release_date":"2002-05-24","poster":"/zb0D3vfjcPFvuyHp1mFPOIcYJWH.jpg","id":320,"imdb":"tt0278504","cast":["Hilary Swank","Al Pacino","Robin Williams","Maura Tierney","Martin Donovan","Oliver 'Ole' Zemen","Paul Dooley","Nicky Katt","Larry Holden","Jay Brazeau"],"metascore":78},"Gangs of New York":{"revenue":193772504,"release_date":"2002-12-19","poster":"/ytKo2tLvKUd9Kbs0poXSQh6ft7d.jpg","id":3131,"imdb":"tt0217505","cast":["Leonardo DiCaprio","Daniel Day-Lewis","Cameron Diaz","Liam Neeson","Brendan Gleeson","John C. Reilly","Jim Broadbent","Roger Ashton-Griffiths","David Hemmings","Lawrence Gilliard Jr."],"metascore":72},"Spirit: Stallion of the Cimarron":{"revenue":122563539,"release_date":"2002-05-24","poster":"/7cfXsSe621cWpCpAuuJgud0Gszt.jpg","id":9023,"imdb":"tt0166813","cast":["Matt Damon","James Cromwell","Daniel Studi","Chopper Bernet","Jeff LeBeau","John Rubano","Richard McGonagle","Matt Levin","Adam Paul","Robert Cait"],"metascore":52},"Jackass: The Movie":{"revenue":64282312,"release_date":"2002-10-21","poster":"/iCB8mLrRoMp6sFta1qgZyZgmu9W.jpg","id":9012,"imdb":"tt0322802","cast":["Johnny Knoxville","Bam Margera","Steve-O","Chris Pontius","Stephanie Hodge"],"metascore":42},"About Schmidt":{"revenue":105834556,"release_date":"2002-12-13","poster":"/5mAx0zFq4IS0OCL38Gpcr7veCPi.jpg","id":2755,"imdb":"tt0257360","cast":["Jack Nicholson","Kathy Bates","Hope Davis","Dermot Mulroney","June Squibb","Howard Hesseman","Connie Ray","Harry Groener","Mark Venhuizen","Cheryl Hamada"],"metascore":85},"Changing Lanes":{"revenue":94935764,"release_date":"2002-04-07","poster":"/dCTVH1kl3aIkUmWpMT5STLAwsPs.jpg","id":1537,"imdb":"tt0264472","cast":["Ben Affleck","Samuel L. Jackson","Kim Staunton","Toni Collette","Sydney Pollack","Matt Malloy","William Hurt","John Benjamin Hickey"],"metascore":69},"Friday After Next":{"revenue":33526835,"release_date":"2002-11-22","poster":"/pB49Sg3v247oHFPNvQLJDiX4OgA.jpg","id":10426,"imdb":"tt0293815","cast":["Ice Cube","Mike Epps","John Witherspoon","Don Curry","Anna Maria Horsford","Clifton Powell","K. D. Aubert","Bebe Drake","Katt Williams","Rickey Smiley"],"metascore":35},"Big Fat Liar":{"revenue":52970014,"release_date":"2002-02-08","poster":"/zpySeXpqmMXp9Fs6Znjkjs0Nzti.jpg","id":11870,"imdb":"tt0265298","cast":["Frankie Muniz","Paul Giamatti","Amanda Bynes","Amanda Detmer"],"metascore":36},"Unfaithful":{"revenue":119137784,"release_date":"2002-05-10","poster":"/ztenZXLECkDXTXN6KEugPVvMTIl.jpg","id":2251,"imdb":"tt0250797","cast":["Diane Lane","Richard Gere","Olivier Martinez","Erik Per Sullivan","Chad Lowe","Myra Lucretia Taylor","Michelle Monaghan","Kate Burton","Margaret Colin"],"metascore":63},"The Lord of the Rings: The Return of the King":{"revenue":1118888979,"release_date":"2003-12-17","poster":"/50LoR9gJhbWZ5PpoHgi8MNTYgzd.jpg","id":122,"imdb":"tt0167260","cast":["Elijah Wood","Ian McKellen","Viggo Mortensen","Liv Tyler","Orlando Bloom","John Rhys-Davies","Sean Astin","Billy Boyd","Dominic Monaghan","Hugo Weaving"],"metascore":94},"Star Trek: Nemesis":{"revenue":67312826,"release_date":"2002-12-12","poster":"/n4TpLWPi062AofIq4kwmaPNBSvA.jpg","id":201,"imdb":"tt0253754","cast":["Patrick Stewart","Jonathan Frakes","LeVar Burton","Brent Spiner","Gates McFadden","Marina Sirtis","Tom Hardy","Ron Perlman","Shannon Cochran","Dina Meyer"],"metascore":51},"The Count of Monte Cristo":{"revenue":75395048,"release_date":"2002-01-23","poster":"/u1tLUDAMjOutrnSCyDhiiyZs50L.jpg","id":11362,"imdb":"tt0245844","cast":["Jim Caviezel","Guy Pearce","Richard Harris","James Frain","Dagmara Domińczyk","Michael Wincott","Luis Guzmán","Christopher Adamson","J. B. Blanc","Henry Cavill"],"metascore":61},"Elf":{"revenue":173398518,"release_date":"2003-10-09","poster":"/2BCvh9w8YXP30Jst8PkMngEo619.jpg","id":10719,"imdb":"tt0319343","cast":["Will Ferrell","Zooey Deschanel","Daniel Tay","James Caan","Bob Newhart","Edward Asner","Amy Sedaris","Andy Richter","Mary Steenburgen","Kyle Gass"],"metascore":64},"Finding Nemo":{"revenue":864625978,"release_date":"2003-05-30","poster":"/zjqInUwldOBa0q07fOyohYCWxWX.jpg","id":12,"imdb":"tt0266543","cast":["Albert Brooks","Ellen DeGeneres","Alexander Gould","Willem Dafoe","Brad Garrett","Allison Janney","Austin Pendleton","Stephen Root","Vicki Lewis","Joe Ranft"],"metascore":90},"Pirates of the Caribbean: The Curse of the Black Pearl":{"revenue":655011224,"release_date":"2003-07-09","poster":"/mL3mGWeiANcAeyJQDwEdwpxQKYv.jpg","id":22,"imdb":"tt0325980","cast":["Johnny Depp","Geoffrey Rush","Orlando Bloom","Keira Knightley","Jack Davenport","Kevin McNally","Zoe Saldana","Jonathan Pryce","Lee Arenberg","Mackenzie Crook"],"metascore":63},"Drumline":{"revenue":57588485,"release_date":"2002-12-13","poster":"/nkTvFgTyLSR4eXuefgyDeQ0eLJZ.jpg","id":13497,"imdb":"tt0303933","cast":["Nick Cannon","Zoe Saldana","Orlando Jones","Leonard Roberts","GQ","Earl Poitier","Jason Weaver","Candace Carey","Shay Roundtree","Miguel A. Gaetan"],"metascore":63},"Terminator 3: Rise of the Machines":{"revenue":435000000,"release_date":"2003-06-30","poster":"/lz4xYdF1n09lyiCfZWtWT44SZiG.jpg","id":296,"imdb":"tt0181852","cast":["Arnold Schwarzenegger","Nick Stahl","Claire Danes","Kristanna Loken","David Andrews","Mark Famiglietti","Earl Boen","Moira Harris","Chopper Bernet","Christopher Lawford"],"metascore":66},"The Time Machine":{"revenue":123729176,"release_date":"2002-03-04","poster":"/kHHXRWVrOV6e5JqcgxWmhqLORXR.jpg","id":2135,"imdb":"tt0268695","cast":["Guy Pearce","Samantha Mumba","Phyllida Law","Laura Kirk","Josh Stamberg","Sienna Guillory","Max Baker","Mark Addy","Jeremy Irons"],"metascore":42},"Hulk":{"revenue":245360480,"release_date":"2003-06-20","poster":"/ogCQV6mnLtCJuiiHtMB83jvSRfY.jpg","id":1927,"imdb":"tt0286716","cast":["Eric Bana","Jennifer Connelly","Sam Elliott","Josh Lucas","Nick Nolte","Paul Kersey","Cara Buono","Stan Lee","Todd Tesen","Celia Weston"],"metascore":54},"X2: X-Men United":{"revenue":214948780,"release_date":"2003-04-27","poster":"/8TAPuoephNAiRGgBobP4xQl0QGK.jpg","id":36658,"imdb":"tt0290334","cast":["Patrick Stewart","Hugh Jackman","Ian McKellen","Halle Berry","Famke Janssen","James Marsden","Anna Paquin","Rebecca Romijn","Brian Cox","Alan Cumming"],"metascore":68},"Cheaper by the Dozen":{"revenue":190212113,"release_date":"2003-12-25","poster":"/8vhbMWKJOcGJuX5bAtm8d7QqpAY.jpg","id":11007,"imdb":"tt0349205","cast":["Steve Martin","Bonnie Hunt","Piper Perabo","Tom Welling","Hilary Duff","Kevin G. Schmidt","Alyson Stoner","Jacob Smith","Liliana Mumy","Morgan York"],"metascore":46},"Anger Management":{"revenue":135645823,"release_date":"2003-03-05","poster":"/wsrZrb2Ng3eO4TYmeBufwdKeC3a.jpg","id":9506,"imdb":"tt0305224","cast":["Adam Sandler","Jack Nicholson","Marisa Tomei","Luis Guzmán","Woody Harrelson","John Turturro","Kevin Nealon","Allen Covert","Heather Graham","Krista Allen"],"metascore":52},"The Matrix Revolutions":{"revenue":424988211,"release_date":"2003-10-26","poster":"/sKogjhfs5q3azmpW7DFKKAeLEG8.jpg","id":605,"imdb":"tt0242653","cast":["Keanu Reeves","Laurence Fishburne","Carrie-Anne Moss","Hugo Weaving","Mary Alice","Helmut Bakaitis","Lambert Wilson","Roy Jones Jr.","Randall Duk Kim"],"metascore":47},"The Matrix Reloaded":{"revenue":738599701,"release_date":"2003-05-06","poster":"/ezIurBz2fdUc68d98Fp9dRf5ihv.jpg","id":604,"imdb":"tt0234215","cast":["Helmut Bakaitis","Steve Bastoni","Don Battee","Monica Bellucci","Daniel Bernhardt","Valerie Berry","Ian Bliss","Liliana Bogatko","Michael Budd","Stoney Burke"],"metascore":62},"Bruce Almighty":{"revenue":484572835,"release_date":"2003-05-21","poster":"/lgYKHifMMLT8OxYObMKa8b4STsr.jpg","id":310,"imdb":"tt0315327","cast":["Jim Carrey","Jennifer Aniston","Philip Baker Hall","Catherine Bell","Lisa Ann Walter","Steve Carell","Nora Dunn","Paul Satterfield","Morgan Freeman"],"metascore":46},"2 Fast 2 Furious":{"revenue":236041731,"release_date":"2003-06-02","poster":"/3CrNPUulPGbsJIH2ZnLYomGIVrk.jpg","id":584,"imdb":"tt0322259","cast":["Paul Walker","Tyrese Gibson","Eva Mendes","Cole Hauser","Ludacris","Thom Barry","James Remar","Devon Aoki","Amaury Nolasco","Michael Ealy"],"metascore":38},"Something's Gotta Give":{"revenue":266728738,"release_date":"2003-12-12","poster":"/q1DO4rwTGz1VSX2sEqqboPwsXUF.jpg","id":6964,"imdb":"tt0337741","cast":["Jack Nicholson","Diane Keaton","Keanu Reeves","Frances McDormand","Amanda Peet","Jon Favreau","Paul Michael Glaser","Rachel Ticotin"],"metascore":66},"Seabiscuit":{"revenue":148336445,"release_date":"2003-07-22","poster":"/xzYOaFGZBNAciQXRasQQ8sYxBSi.jpg","id":4464,"imdb":"tt0329575","cast":["Jeff Bridges","David McCullough","Chris Cooper","Tobey Maguire","Elizabeth Banks","Gary L. Stevens","William H. Macy","Royce D. Applegate","Eddie Jones","Chris McCarron"],"metascore":72},"Bad Boys II":{"revenue":262000000,"release_date":"2003-07-18","poster":"/bSlFl6TQ2fpDXgf6bqOGMusUEkR.jpg","id":8961,"imdb":"tt0172156","cast":["Will Smith","Martin Lawrence","Gabrielle Union","Jordi Mollà","Peter Stormare","Joe Pantoliano","Oleg Taktarov","Theresa Randle","Otto Sanchez","Jason Manuel Olazabal"],"metascore":38},"Bringing Down The House":{"revenue":132675402,"release_date":"2003-03-07","poster":"/SYDgvJATwzwUMSggirLstDWgs5.jpg","id":10678,"imdb":"tt0305669","cast":["Steve Martin","Queen Latifah","Eugene Levy","Joan Plowright","Jean Smart","Kimberly J. Brown","Missi Pyle","Angus T. Jones","Michael Rosenbaum","Betty White"],"metascore":39},"How to Lose a Guy in 10 Days":{"revenue":105807520,"release_date":"2003-01-27","poster":"/aiB7u6xZ9RWeDTQ7c92J8AoiHj3.jpg","id":9919,"imdb":"tt0251127","cast":["Kate Hudson","Matthew McConaughey","Kathryn Hahn","Annie Parisse","Adam Goldberg","Thomas Lennon","Michael Michele","Shalom Harlow","Robert Klein","Bebe Neuwirth"],"metascore":45},"S.W.A.T.":{"revenue":116643346,"release_date":"2003-08-08","poster":"/9Rj6X1zzOrGCT6uITtaCpiKlfjA.jpg","id":9257,"imdb":"tt0257076","cast":["Samuel L. Jackson","Colin Farrell","Michelle Rodriguez","LL Cool J","Josh Charles","Jeremy Renner","Brian Van Holt","Olivier Martinez","Reg E. Cathey","Domenick Lombardozzi"],"metascore":45},"Daddy Day Care":{"revenue":164433867,"release_date":"2003-05-03","poster":"/fApwJRtMEML829MMlAAA5w1dGhu.jpg","id":10708,"imdb":"tt0317303","cast":["Eddie Murphy","Jeff Garlin","Steve Zahn","Regina King","Kevin Nealon","Siobhan Fallon","Lacey Chabert","Jonathan Katz","Lisa Edelstein","Laura Kightlinger"],"metascore":39},"The Italian Job":{"revenue":176070171,"release_date":"2003-05-30","poster":"/dmWki38vOAvesXMCxlMOV7hzF6K.jpg","id":9654,"imdb":"tt0317740","cast":["Mark Wahlberg","Charlize Theron","Jason Statham","Edward Norton","Fausto Callegarini","Seth Green","Mos Def","Donald Sutherland","Stefano Petronelli","Fabio Scarpa"],"metascore":68},"American Wedding":{"revenue":231449203,"release_date":"2003-07-24","poster":"/lcLuBjI3Hr12mGFKJvdMeZdf3AN.jpg","id":8273,"imdb":"tt0328828","cast":["Jason Biggs","Alyson Hannigan","Seann William Scott","Eddie Kaye Thomas","Thomas Ian Nicholas","January Jones","Eugene Levy","Molly Cheek","Deborah Rush","Fred Willard"],"metascore":43},"The Last Samurai":{"revenue":456758981,"release_date":"2003-12-05","poster":"/sLv5pXysIz7QbtKFJy85d5yxv2W.jpg","id":616,"imdb":"tt0325710","cast":["Tom Cruise","Ken Watanabe","William Atherton","Chad Lindberg","Billy Connolly","Tony Goldwyn","Shichinosuke Nakamura","Koyuki","Timothy Spall","Togo Igawa"],"metascore":55},"Brother Bear":{"revenue":77695232,"release_date":"2003-10-31","poster":"/5qSEndgjSbshCK3OqxxRfREFCAP.jpg","id":10009,"imdb":"tt0328880","cast":["Joaquin Phoenix","Rick Moranis","Jeremy Suarez","Joan Copeland","Michael Clarke Duncan","Harold Gould","Jason Raize","Paul Christie","Danny Mastrogiorgio","Dave Thomas"],"metascore":48},"Scary Movie 3":{"revenue":220673217,"release_date":"2003-10-20","poster":"/jSUPkCB9kLacGm8W4BKGYRyjhQv.jpg","id":4256,"imdb":"tt0306047","cast":["Pamela Anderson","Jenny McCarthy","Marny Eng","Charlie Sheen","Simon Rex","Jianna Ballard","Jeremy Piven","Anna Faris","Regina Hall","Denise Richards"],"metascore":49},"Daredevil":{"revenue":179179718,"release_date":"2003-02-14","poster":"/dNVEqwgIdrwWQL3zXI5mQG60oM5.jpg","id":9480,"imdb":"tt0287978","cast":["Ben Affleck","Jennifer Garner","Colin Farrell","Michael Clarke Duncan","Ellen Pompeo","Jon Favreau","Scott Terra","Joe Pantoliano","Erick Avari","David Keith"],"metascore":42},"Cold Mountain":{"revenue":173013509,"release_date":"2003-12-24","poster":"/4da24dJQZSGep4FJ2U9jU9G8qJr.jpg","id":2289,"imdb":"tt0159365","cast":["Jude Law","Nicole Kidman","Renée Zellweger","Eileen Atkins","Brendan Gleeson","Philip Seymour Hoffman","Natalie Portman","Emily Deschanel","Giovanni Ribisi","Donald Sutherland"],"metascore":73},"Charlie's Angels: Full Throttle":{"revenue":259175788,"release_date":"2003-06-17","poster":"/rfJrpT6oj4lLzi4Rqt0qzTfUdtr.jpg","id":9471,"imdb":"tt0305357","cast":["Cameron Diaz","Drew Barrymore","Lucy Liu","Bernie Mac","Robert Patrick","Demi Moore","John Cleese","Matt LeBlanc","Luke Wilson","Shia LaBeouf"],"metascore":48},"Freddy vs. Jason":{"revenue":114908830,"release_date":"2003-08-15","poster":"/smD9JEIKuvsllgjgrGTOzzbATeN.jpg","id":6466,"imdb":"tt0329101","cast":["Robert Englund","Ken Kirzinger","Jason Ritter","Monica Keena","Lochlyn Munro","Kelly Rowland","Chris Marquette","Brendan Fletcher","Katharine Isabelle","Kyle Labine"],"metascore":37},"Kill Bill: Vol. 1":{"revenue":180949000,"release_date":"2003-10-09","poster":"/y2K3ywCntbRjZU6xN5xTc3ee9D6.jpg","id":24,"imdb":"tt0266697","cast":["Uma Thurman","Lucy Liu","Vivica A. Fox","Daryl Hannah","David Carradine","Michael Madsen","Julie Dreyfus","Chiaki Kuriyama","Sonny Chiba","Gordon Liu Chia-Hui"],"metascore":69},"The Texas Chainsaw Massacre":{"revenue":107071655,"release_date":"2003-10-17","poster":"/gx7FCIOFGxqNyplF3t7qtmUv55g.jpg","id":9373,"imdb":"tt0324216","cast":["Jessica Biel","Jonathan Tucker","Erica Leerhsen","Mike Vogel","Eric Balfour","Andrew Bryniarski","R. Lee Ermey"],"metascore":38},"Old School":{"revenue":75155000,"release_date":"2003-02-21","poster":"/lvcyZumUoA6OBeqcJknfZVTmKKF.jpg","id":11635,"imdb":"tt0302886","cast":["Luke Wilson","Will Ferrell","Vince Vaughn","Ellen Pompeo","Leah Remini","Elisha Cuthbert","Jeremy Piven","Juliette Lewis","Sarah Shahi","Perrey Reeves"],"metascore":54},"Lara Croft Tomb Raider: The Cradle of Life":{"revenue":156505388,"release_date":"2003-07-21","poster":"/pkSnQzjjQ3Z9B2CJVSZCfL0Ea3s.jpg","id":1996,"imdb":"tt0325703","cast":["Angelina Jolie","Gerard Butler","Noah Taylor","Djimon Hounsou","Til Schweiger","Simon Yam","Daniel Caltagirone","Fabiano Martell","Jonathan Coyne"],"metascore":43},"School of Rock":{"revenue":131282949,"release_date":"2003-10-03","poster":"/cREN222Yw78zvSQ9bg17Y9QZS0c.jpg","id":1584,"imdb":"tt0332379","cast":["Jack Black","Joan Cusack","Mike White","Sarah Silverman","Adam Pascal","Lucas Papaelias","Chris Stack","Joey Gaydos Jr.","Lucas Babin","Jordan-Claire Green"],"metascore":82},"The League of Extraordinary Gentlemen":{"revenue":179265204,"release_date":"2003-07-11","poster":"/AliSeCLFB6ZAkQIxosr8RAkFf6R.jpg","id":8698,"imdb":"tt0311429","cast":["Sean Connery","Naseeruddin Shah","Peta Wilson","Tony Curran","Stuart Townsend","Shane West","Jason Flemyng","Richard Roxburgh","Max Ryan","Tom Goodman-Hill"],"metascore":30},"Bad Santa":{"revenue":76488889,"release_date":"2003-11-25","poster":"/103KNOz11U4iojwW6F1rOKKZIDp.jpg","id":10147,"imdb":"tt0307987","cast":["Billy Bob Thornton","Tony Cox","Brett Kelly","Lauren Graham","Bernie Mac","Lauren Tom","John Ritter","Ajay Naidu","Octavia Spencer","Cloris Leachman"],"metascore":70},"Radio":{"revenue":52277485,"release_date":"2003-10-24","poster":"/t4b6Ff8N0cvMBeYFtDNDm6xvyC9.jpg","id":13920,"imdb":"tt0316465","cast":["Cuba Gooding, Jr.","Ed Harris","Alfre Woodard","S. Epatha Merkerson","Debra Winger","Chris Mulkey"],"metascore":38},"Shanghai Knights":{"revenue":60470220,"release_date":"2003-02-07","poster":"/2H2h2Qdt2TXLQslCHi8xEDDONpq.jpg","id":6038,"imdb":"tt0300471","cast":["Jackie Chan","Owen Wilson","Fann Wong","Aaron Taylor-Johnson","Aidan Gillen","Donnie Yen","Oliver Cotton","Alison King","Constantine Gregory","Jonathan Harvey"],"metascore":58},"Big Fish":{"revenue":122919055,"release_date":"2003-12-10","poster":"/6DRFdlNZpAaEt7eejsbAlJGgaM7.jpg","id":587,"imdb":"tt0319061","cast":["Ewan McGregor","Albert Finney","Billy Crudup","Jessica Lange","Helena Bonham Carter","Alison Lohman","Marion Cotillard","Robert Guillaume","Matthew McGrory","David Denman"],"metascore":58},"Gothika":{"revenue":141591324,"release_date":"2003-10-24","poster":"/jwTiVNi21EhaP8QbkJkVUn2SYsa.jpg","id":4970,"imdb":"tt0348836","cast":["Halle Berry","Robert Downey Jr.","Charles S. Dutton","Penélope Cruz","John Carroll Lynch","Bernard Hill"],"metascore":38},"Love Actually":{"revenue":244931766,"release_date":"2003-11-07","poster":"/kfX8Ctin3fSZbdnjh6CXSNZUOVP.jpg","id":508,"imdb":"tt0314331","cast":["Bill Nighy","Gregor Fisher","Colin Firth","Sienna Guillory","Liam Neeson","Emma Thompson","Kris Marshall","Heike Makatsch","Martin Freeman","Joanna Page"],"metascore":55},"Open Range":{"revenue":68296293,"release_date":"2003-08-29","poster":"/qMxKzKHi4HfmBzHJB5NZtquLctn.jpg","id":2055,"imdb":"tt0316356","cast":["Kevin Costner","Robert Duvall","Michael Gambon","Michael Jeter","Diego Luna","James Russo","Abraham Benrubi","Kim Coates","Annette Bening"],"metascore":67},"Shrek 2":{"revenue":920665658,"release_date":"2004-05-18","poster":"/akWDA0BMVYK4OTM92T5i91DYnsT.jpg","id":809,"imdb":"tt0298148","cast":["Mike Myers","Eddie Murphy","Cameron Diaz","Julie Andrews","Antonio Banderas","John Cleese","Rupert Everett","Jennifer Saunders","Cody Cameron","Conrad Vernon"],"metascore":75},"Spider-Man 2":{"revenue":783766341,"release_date":"2004-06-29","poster":"/qtBFrsEQ4oXW8sKvRxkKnYuPLg.jpg","id":558,"imdb":"tt0316654","cast":["Tobey Maguire","Kirsten Dunst","James Franco","Alfred Molina","Rosemary Harris","J.K. Simmons","Donna Murphy","Daniel Gillies","Dylan Baker","Willem Dafoe"],"metascore":83},"Just Married":{"revenue":101564935,"release_date":"2003-01-10","poster":"/15Xm4K7vPLRYDDErYK6lnbuvXWY.jpg","id":12090,"imdb":"tt0305711","cast":["Ashton Kutcher","Brittany Murphy","Christian Kane","David Moscow"],"metascore":28},"Meet the Fockers":{"revenue":516533043,"release_date":"2004-12-15","poster":"/xHAqB06iL5D6HyOS6QpgyKkRQHD.jpg","id":693,"imdb":"tt0290002","cast":["Ben Stiller","Teri Polo","Robert De Niro","Dustin Hoffman","Barbra Streisand","Blythe Danner","Tim Blake Nelson","Alanna Ubach","Shelley Berman","Owen Wilson"],"metascore":41},"Once Upon a Time in Mexico":{"revenue":41825802,"release_date":"2003-09-11","poster":"/j3Mz1jaM3MVr5K1Ijh5D2T93VF2.jpg","id":1428,"imdb":"tt0285823","cast":["Antonio Banderas","Salma Hayek","Johnny Depp","Eva Mendes","Mickey Rourke","Danny Trejo","Enrique Iglesias","Cheech Marin","Willem Dafoe","Marco Leonardi"],"metascore":56},"The Polar Express":{"revenue":305875730,"release_date":"2004-11-10","poster":"/dYrdxI5ty3SfMiep2GDvRyXEc4W.jpg","id":5255,"imdb":"tt0338348","cast":["Tom Hanks","Michael Jeter","Eddie Deezen","Chris Coppola","Nona Gaye","Peter Scolari","Charles Fleischer","Steven Tyler"],"metascore":61},"Shark Tale":{"revenue":363530196,"release_date":"2004-10-01","poster":"/8hgmA0U2WgMA8EOSKgTH5tJNUfd.jpg","id":10555,"imdb":"tt0307453","cast":["Will Smith","Robert De Niro","Renée Zellweger","Jack Black","Angelina Jolie","Ziggy Marley","Martin Scorsese"],"metascore":48},"The Bourne Supremacy":{"revenue":176000000,"release_date":"2004-07-23","poster":"/6a74OaZArLNNDHK9SdiLBUu2JYj.jpg","id":2502,"imdb":"tt0372183","cast":["Matt Damon","Brian Cox","Julia Stiles","Joan Allen","Karl Urban","Franka Potente","Marton Csokas","Karel Roden","Tom Gallop","Michelle Monaghan"],"metascore":73},"Harry Potter and the Prisoner of Azkaban":{"revenue":789804554,"release_date":"2004-05-31","poster":"/qMn0YCWKxt7xg8nqRnRj2Ei9qgx.jpg","id":673,"imdb":"tt0304141","cast":["Daniel Radcliffe","Rupert Grint","Emma Watson","Gary Oldman","David Thewlis","Alan Rickman","Michael Gambon","Robbie Coltrane","Tom Felton","Josh Herdman"],"metascore":82},"National Treasure":{"revenue":347451894,"release_date":"2004-11-08","poster":"/luMoc56LLMWUt60vUNNpwxrbTNt.jpg","id":2059,"imdb":"tt0368891","cast":["Nicolas Cage","Diane Kruger","Sean Bean","Harvey Keitel","Christopher Plummer","David Dayan Fisher","Justin Bartha","Jon Voight","Jason Earles","Stewart Finlay-McLennan"],"metascore":39},"The Day After Tomorrow":{"revenue":542772771,"release_date":"2004-05-24","poster":"/pRmpaFjtegy8PnUvSBDyT9dm7c.jpg","id":435,"imdb":"tt0319262","cast":["Dennis Quaid","Jake Gyllenhaal","Emmy Rossum","Dash Mihok","Jay O. Sanders","Sela Ward","Austin Nichols","Arjay Smith","Tamlyn Tomita","Sasha Roiz"],"metascore":47},"Ocean's Twelve":{"revenue":363531634,"release_date":"2004-12-09","poster":"/4irBEiDC7SpYBuw5z1c7oLfF0EI.jpg","id":163,"imdb":"tt0349903","cast":["George Clooney","Brad Pitt","Catherine Zeta-Jones","Julia Roberts","Andy García","Casey Affleck","Scott Caan","Shaobo Qin","Bernie Mac","Don Cheadle"],"metascore":58},"I, Robot":{"revenue":347234916,"release_date":"2004-07-15","poster":"/2mkFzf168xJrV6Leqq0bjqOlJCK.jpg","id":2048,"imdb":"tt0343818","cast":["Will Smith","Alan Tudyk","James Cromwell","Bruce Greenwood","Shia LaBeouf","Bridget Moynahan","Chi McBride","Jerry Wasserman","Peter Shinkoda","Terry Chen"],"metascore":59},"The Incredibles":{"revenue":631442092,"release_date":"2004-11-04","poster":"/9k4sgKD79q0MDHSWIqNnHqOfOEV.jpg","id":9806,"imdb":"tt0317705","cast":["Craig T. Nelson","Holly Hunter","Samuel L. Jackson","Jason Lee","Dominique Louis","Teddy Newton","Eli Fucile","Maeve Andrews","Spencer Fox","Sarah Vowell"],"metascore":90},"Lemony Snicket's A Series of Unfortunate Events":{"revenue":209073645,"release_date":"2004-12-17","poster":"/dHQMAj9E2G2ewjN1aCOPubsZaj1.jpg","id":11774,"imdb":"tt0339291","cast":["Jim Carrey","Meryl Streep","Jude Law","Emily Browning","Kara Hoffman","Shelby Hoffman","Liam Aiken","Timothy Spall","Catherine O'Hara","Billy Connolly"],"metascore":62},"The Grudge":{"revenue":183474602,"release_date":"2004-10-22","poster":"/nSiz1yAkbKAZUmPfDbcXewNnaAI.jpg","id":1970,"imdb":"tt0391198","cast":["Sarah Michelle Gellar","Jason Behr","William Mapother","Clea DuVall","KaDee Strickland","Grace Zabriskie","Bill Pullman","Rosa Blasi","Ted Raimi","Takako Fuji"],"metascore":49},"50 First Dates":{"revenue":196482882,"release_date":"2004-02-13","poster":"/1PZ6MVx2HnaWlUj2Xd3XUjNdbXB.jpg","id":1824,"imdb":"tt0343660","cast":["Adam Sandler","Drew Barrymore","Rob Schneider","Sean Astin","Lusia Strus","Dan Aykroyd","Blake Clark","Amy Hill","Allen Covert","Maya Rudolph"],"metascore":48},"Troy":{"revenue":497409852,"release_date":"2004-05-13","poster":"/edMlij7nw2NMla32xskDnzMCFBM.jpg","id":652,"imdb":"tt0332452","cast":["Brad Pitt","Orlando Bloom","Eric Bana","Brian Cox","Sean Bean","Brendan Gleeson","Diane Kruger","Peter O'Toole","Rose Byrne","Saffron Burrows"],"metascore":56},"Starsky & Hutch":{"revenue":170268750,"release_date":"2004-03-05","poster":"/plbKo5JoCijmqghCWrw2ef8WFhg.jpg","id":9384,"imdb":"tt0335438","cast":["Ben Stiller","Owen Wilson","Snoop Dogg","Fred Williamson","Vince Vaughn","Juliette Lewis","Jason Bateman","Carmen Electra","Will Ferrell","Amy Smart"],"metascore":55},"The Aviator":{"revenue":102000000,"release_date":"2004-12-25","poster":"/1cT3LP4pzZEQ0DLrEL8jdpA8NKd.jpg","id":2567,"imdb":"tt0338751","cast":["Leonardo DiCaprio","Cate Blanchett","John C. Reilly","Kate Beckinsale","Alec Baldwin","Alan Alda","Ian Holm","Jude Law","Kelli Garner","Danny Huston"],"metascore":77},"DodgeBall: A True Underdog Story":{"revenue":167722310,"release_date":"2004-06-18","poster":"/sgTJCyuZSJJt9LatGHolpCpqg1m.jpg","id":9472,"imdb":"tt0364725","cast":["Vince Vaughn","Christine Taylor","Ben Stiller","Rip Torn","Justin Long","Jason Bateman","Stephen Root","Joel David Moore","Christopher Williams","Alan Tudyk"],"metascore":55},"Van Helsing":{"revenue":300257475,"release_date":"2004-05-06","poster":"/o9aNQRKtuaU2GhseE66urEwmaea.jpg","id":7131,"imdb":"tt0338526","cast":["Hugh Jackman","Kate Beckinsale","Richard Roxburgh","Josie Maran","David Wenham","Shuler Hensley","Elena Anaya","Will Kemp","Kevin J. O'Connor","Alun Armstrong"],"metascore":35},"Collateral":{"revenue":100003492,"release_date":"2004-08-06","poster":"/mttymFexawuVYOlka8R3SVUeBn4.jpg","id":1538,"imdb":"tt0369339","cast":["Tom Cruise","Jamie Foxx","Jada Pinkett Smith","Mark Ruffalo","Bruce McGill","Peter Berg","Irma P. Hall","Barry Shabaka Henley","Richard T. Jones","Klea Scott"],"metascore":71},"Fahrenheit 9/11":{"revenue":119114517,"release_date":"2004-06-22","poster":"/8gm7sx0luYOdqE5FiwU2Dp8tt63.jpg","id":1777,"imdb":"tt0361596","cast":["Michael Moore","George W. Bush","Ben Affleck","Stevie Wonder","Al Gore","Saddam Hussein","George H. W. Bush","Ricky Martin","Osama Bin Laden","Larry King"],"metascore":67},"The Village":{"revenue":256697520,"release_date":"2004-07-26","poster":"/OPysBqPiDypsEIRnFC0CthEhGJ.jpg","id":6947,"imdb":"tt0368447","cast":["Bryce Dallas Howard","Joaquin Phoenix","Adrien Brody","William Hurt","Sigourney Weaver","Brendan Gleeson","Cherry Jones","Celia Weston","John Christopher Jones","Frank Collison"],"metascore":44},"AVP: Alien vs. Predator":{"revenue":171183863,"release_date":"2004-08-12","poster":"/9xzRKUBIqLwhhOYtcE7P1BbWXP9.jpg","id":395,"imdb":"tt0370263","cast":["Sanaa Lathan","Raoul Bova","Ewen Bremner","Colin Salmon","Tommy Flanagan","Joseph Rye","Agathe de La Boulaye","Carsten Norgaard","Sam Troughton","Lance Henriksen"],"metascore":29},"Along Came Polly":{"revenue":13639253,"release_date":"2004-01-12","poster":"/nIY4kvJTTnxoBR0wycrXng5MOYs.jpg","id":5966,"imdb":"tt0343135","cast":["Ben Stiller","Jennifer Aniston","Philip Seymour Hoffman","Debra Messing","Alec Baldwin","Hank Azaria","Bryan Brown","Jsu Garcia","Michele Lee","Bob Dishy"],"metascore":44},"Ladder 49":{"revenue":74541707,"release_date":"2004-10-01","poster":"/opgPMSdkXsTOB5W169VlivKyaZQ.jpg","id":11128,"imdb":"tt0349710","cast":["Joaquin Phoenix","John Travolta","Jacinda Barrett","Robert Patrick","Morris Chestnut"],"metascore":47},"Million Dollar Baby":{"revenue":216763646,"release_date":"2004-12-14","poster":"/h4VZKi2Jt4VoBYJmtC4c3bO8KqM.jpg","id":70,"imdb":"tt0405159","cast":["Clint Eastwood","Hilary Swank","Morgan Freeman","Jay Baruchel","Mike Colter","Brían F. O'Byrne","Anthony Mackie","Margo Martindale","Riki Lindhome","Michael Peña"],"metascore":86},"The Terminal":{"revenue":218686156,"release_date":"2004-06-17","poster":"/f4Dup6awDfDqAHKgWqNJ2HFw1qN.jpg","id":594,"imdb":"tt0362227","cast":["Tom Hanks","Catherine Zeta-Jones","Stanley Tucci","Chi McBride","Diego Luna","Barry Shabaka Henley","Kumar Pallana","Zoe Saldana","Eddie Jones","Jude Ciccolella"],"metascore":55},"The Princess Diaries 2: Royal Engagement":{"revenue":95149435,"release_date":"2004-08-06","poster":"/tvVZk05ElDOdTDAT06fpMvTSrhV.jpg","id":11130,"imdb":"tt0368933","cast":["Anne Hathaway","Julie Andrews","Héctor Elizondo","John Rhys-Davies","Heather Matarazzo","Chris Pine","Callum Blue","Larry Miller","Raven-Symoné","Kathleen Marshall"],"metascore":43},"Anchorman: The Legend of Ron Burgundy":{"revenue":90574188,"release_date":"2004-07-09","poster":"/pdy6TWKUbSC9vtmxsFA73FZBVP3.jpg","id":8699,"imdb":"tt0357413","cast":["Will Ferrell","Christina Applegate","Paul Rudd","David Koechner","Steve Carell","Fred Willard","Chris Parnell","Vince Vaughn","Luke Wilson","Ben Stiller"],"metascore":63},"Sideways":{"revenue":109502303,"release_date":"2004-10-22","poster":"/k8UfdLAP07SDfilmWOHFPv23tu7.jpg","id":9675,"imdb":"tt0375063","cast":["Paul Giamatti","Thomas Haden Church","Virginia Madsen","Sandra Oh","Marylouise Burke","Jessica Hecht","Missy Doty","Alysia Reiner","Shake Tukhmanyan","Shaun Duke"],"metascore":94},"Ray":{"revenue":45916769,"release_date":"2004-10-29","poster":"/9hJxDqu3LugA3lQhpEWuvgXJKil.jpg","id":1677,"imdb":"tt0350258","cast":["Jamie Foxx","Kerry Washington","Regina King","Harry Lennix","Clifton Powell","Bokeem Woodbine","Sharon Warren","C.J. Sanders","Curtis Armstrong"],"metascore":73},"Mean Girls":{"revenue":129042871,"release_date":"2004-04-30","poster":"/lDlGPZS0UJYKxVlpyff3BMyPc2H.jpg","id":10625,"imdb":"tt0377092","cast":["Lindsay Lohan","Rachel McAdams","Lacey Chabert","Amanda Seyfried","Tina Fey","Tim Meadows","Lizzy Caplan","Amy Poehler","Daniel Franzese","Ana Gasteyer"],"metascore":66},"Hidalgo":{"revenue":108103450,"release_date":"2004-02-17","poster":"/5BiWWo12FnSFTatD8dfMpoF7bVs.jpg","id":2023,"imdb":"tt0317648","cast":["Viggo Mortensen","Zuleikha Robinson","Omar Sharif","Adam Alexi-Malle","Louise Lombard","Silas Carson","Harsh Nayyar","C. Thomas Howell","J.K. Simmons","Adoni Maropis"],"metascore":54},"Man on Fire":{"revenue":77894965,"release_date":"2004-04-23","poster":"/qAbRLPe8T7ehKzr1Tgo78T7ASrS.jpg","id":9509,"imdb":"tt0328107","cast":["Denzel Washington","Dakota Fanning","Marc Anthony","Radha Mitchell","Christopher Walken","Giancarlo Giannini","Rachel Ticotin","Jesús Ochoa","Mickey Rourke","Angelina Peláez"],"metascore":47},"The Notebook":{"revenue":115603229,"release_date":"2004-06-25","poster":"/gMfstesBXKdsHToAUXVPHujUDfb.jpg","id":11036,"imdb":"tt0332280","cast":["Rachel McAdams","Ryan Gosling","Gena Rowlands","James Garner","Sam Shepard","Joan Allen","Ed Grady","James Marsden","Heather Wahlquist","Sylvia Jefferies"],"metascore":53},"Garfield":{"revenue":198964901,"release_date":"2004-06-11","poster":"/v6xvth8PjDG350ARG9H2sF7N3SF.jpg","id":8920,"imdb":"tt0356634","cast":["Breckin Meyer","Jennifer Love Hewitt","Stephen Tobolowsky","Bill Murray","Evan Arnold","Mark Christopher Lawrence","Vanessa Christelle","Daamen J. Krall","Eve Brent","Bill Hoag"],"metascore":27},"Friday Night Lights":{"revenue":61255921,"release_date":"2004-10-08","poster":"/5YfydonUWRZRfiMONMdZupCDpsQ.jpg","id":13416,"imdb":"tt0390022","cast":["Billy Bob Thornton","Lucas Black","Garrett Hedlund","Derek Luke","Jay Hernandez","Lee Thompson Young","Tim McGraw","Stephen Bishop"],"metascore":70},"The Manchurian Candidate":{"revenue":96105964,"release_date":"2004-07-30","poster":"/7gZZ6Qk2TZf4bEXHYbBEFlH8emJ.jpg","id":14462,"imdb":"tt0368008","cast":["Denzel Washington","Meryl Streep","Liev Schreiber","Kimberly Elise","Jon Voight","Vera Farmiga","Jeffrey Wright","Simon McBurney","Bruno Ganz","David Keeley"],"metascore":76},"Hellboy":{"revenue":99318987,"release_date":"2004-04-02","poster":"/3fAWzI9MUosggdGMu7EaDhn44m6.jpg","id":1487,"imdb":"tt0167190","cast":["Ron Perlman","Selma Blair","Rupert Evans","John Hurt","Jeffrey Tambor","Karel Roden","Brian Steele","Ladislav Beran","Biddy Hodson","Corey Johnson"],"metascore":72},"The Forgotten":{"revenue":117575636,"release_date":"2004-09-24","poster":"/yzfIFrGy2682BaGb4DfBTqhWRYW.jpg","id":10145,"imdb":"tt0356618","cast":["Julianne Moore","Anthony Edwards","Jessica Hecht","Christopher Kovaleski","Dominic West","Tim Kang","Gary Sinise","Lee Tergesen"],"metascore":43},"Shall We Dance?":{"revenue":170128460,"release_date":"2004-10-15","poster":"/ntKMVXdb1tVr4q3sT9vJOV9wnfN.jpg","id":4380,"imdb":"tt0358135","cast":["Richard Gere","Jennifer Lopez","Susan Sarandon","Lisa Ann Walter","Stanley Tucci","Anita Gillette","Bobby Cannavale","Omar Benson Miller","Tamara Hope","Stark Sands"],"metascore":47},"Barbershop 2:  Back in Business":{"revenue":65070412,"release_date":"2004-01-20","poster":"/6vBCVaaG2h2ggMuTz3VyXISL6l5.jpg","id":21301,"imdb":"tt0337579","cast":["Ice Cube","Cedric the Entertainer","Sean Patrick Thomas","Keke Palmer","Michael Ealy","Queen Latifah","Eve","DeRay Davis","Kenan Thompson"],"metascore":59},"Liar Liar":{"revenue":181000000,"release_date":"1997-03-21","poster":"/qd8VcWKrE4cNfInl9Osb8o8h9KP.jpg","id":1624,"imdb":"tt0119528","cast":["Jim Carrey","Maura Tierney","Justin Cooper","Cary Elwes","Anne Haney","Jennifer Tilly","Amanda Donohoe","Jason Bernard","Swoosie Kurtz","Mitchell Ryan"],"metascore":68},"The Chronicles of Riddick":{"revenue":115772733,"release_date":"2004-06-11","poster":"/tGNj5xxw5td0SBih1UmuqkHZ8ga.jpg","id":2789,"imdb":"tt0296572","cast":["Vin Diesel","Christina Cox","Colm Feore","Karl Urban","Judi Dench","Alexa Davalos","Nick Chinlund","Keith David","Thandie Newton","Linus Roache"],"metascore":38},"Kill Bill: Vol. 2":{"revenue":152159461,"release_date":"2004-04-15","poster":"/eW6IUkxqNdESbEcP2KKXukdx0zm.jpg","id":393,"imdb":"tt0378194","cast":["Uma Thurman","David Carradine","Daryl Hannah","Michael Madsen","Michael Parks","Lucy Liu","Vivica A. Fox","Christopher Allen Nelson","Samuel L. Jackson","Gordon Liu Chia-Hui"],"metascore":83},"The Butterfly Effect":{"revenue":96060858,"release_date":"2004-01-23","poster":"/gXnNltCrm5feEEa3BytYy6jwF6v.jpg","id":1954,"imdb":"tt0289879","cast":["Ashton Kutcher","Amy Smart","Nathaniel DeVeaux","Melora Walters","Elden Henson","William Lee Scott","Callum Keith Rennie","John Patrick Amedori","Magda Apanowicz","Logan Lerman"],"metascore":30},"War of the Worlds":{"revenue":591739379,"release_date":"2005-06-28","poster":"/xXMM9KY2eq1SDOQif9zO91YOBA8.jpg","id":74,"imdb":"tt0407304","cast":["Tom Cruise","Dakota Fanning","Miranda Otto","Justin Chatwin","Tim Robbins","Camillia Sanes","John Scurti","Morgan Freeman","Takayo Fischer","Yul Vazquez"],"metascore":73},"The Stepford Wives":{"revenue":102000000,"release_date":"2004-06-10","poster":"/zyRTua3RVN3eLaIoXkdiy4XfF4s.jpg","id":9890,"imdb":"tt0327162","cast":["Nicole Kidman","Matthew Broderick","Bette Midler","Glenn Close","Christopher Walken","Roger Bart","David Marshall Grant","Jon Lovitz","Matt Malloy","Kate Shindle"],"metascore":42},"Wedding Crashers":{"revenue":285176741,"release_date":"2005-07-14","poster":"/vlnDz1Y3IcBhPyQAqAVtNghx4Eq.jpg","id":9522,"imdb":"tt0396269","cast":["Owen Wilson","Vince Vaughn","Christopher Walken","Rachel McAdams","Isla Fisher","Jane Seymour","Bradley Cooper","Henry Gibson","Keir O'Donnell","David Conrad"],"metascore":64},"Star Wars: Episode III - Revenge of the Sith":{"revenue":850000000,"release_date":"2005-05-19","poster":"/tgr5Pdy7ehZYBqBkN2K7Q02xgOb.jpg","id":1895,"imdb":"tt0121766","cast":["Hayden Christensen","Ewan McGregor","Natalie Portman","Ian McDiarmid","Frank Oz","Anthony Daniels","Christopher Lee","Samuel L. Jackson","Jimmy Smits","Jay Laga'aia"],"metascore":68},"Dawn of the Dead":{"revenue":102356381,"release_date":"2004-03-10","poster":"/yfqsgzW6AQYmBjIEIq0y9EB1Rgl.jpg","id":924,"imdb":"tt0363547","cast":["Sarah Polley","Ving Rhames","Jake Weber","Mekhi Phifer","Ty Burrell","Matt Frewer","Michael Kelly","Kevin Zegers","Lindy Booth","Michael Barry"],"metascore":58},"Without a Paddle":{"revenue":69631118,"release_date":"2004-08-20","poster":"/k3GjaejsbalKghZvFS5melzvyHZ.jpg","id":10762,"imdb":"tt0364751","cast":["Seth Green","Matthew Lillard","Dax Shepard","Antony Starr","Andrew Hampton","Jarred Rumbold","Matthew Price","Carl Snell","Nadine Bernecker","David Stott"],"metascore":29},"Batman Begins":{"revenue":371853783,"release_date":"2005-06-14","poster":"/zfVFOo2XCHbeA0mXbst42TAGhfC.jpg","id":272,"imdb":"tt0372784","cast":["Christian Bale","Michael Caine","Liam Neeson","Katie Holmes","Gary Oldman","Cillian Murphy","Tom Wilkinson","Morgan Freeman","Rutger Hauer","Ken Watanabe"],"metascore":70},"The Chronicles of Narnia: The Lion, the Witch and the Wardrobe":{"revenue":748806957,"release_date":"2005-12-09","poster":"/2E0j2Y7N3kMSbvPN2EL230rYuAN.jpg","id":411,"imdb":"tt0363771","cast":["Georgie Henley","Skandar Keynes","William Moseley","Anna Popplewell","Tilda Swinton","James McAvoy","Jim Broadbent","Kiran Shah","James Cosmo","Judy McIntosh"],"metascore":75},"King Kong":{"revenue":550000000,"release_date":"2005-12-14","poster":"/iQYMVoI9QE2wQCOSrxhiBYd4v0w.jpg","id":254,"imdb":"tt0360717","cast":["Naomi Watts","Jack Black","Adrien Brody","Thomas Kretschmann","Colin Hanks","Andy Serkis","Evan Parke","Jamie Bell","Lobo Chan","John Sumner"],"metascore":81},"Charlie and the Chocolate Factory":{"revenue":474968763,"release_date":"2005-07-09","poster":"/dvHl1dYvaZRhj9Gk0ITcCHr4DIJ.jpg","id":118,"imdb":"tt0367594","cast":["Johnny Depp","Freddie Highmore","AnnaSophia Robb","Julia Winter","David Kelly","Helena Bonham Carter","Noah Taylor","Jordan Fry","Philip Wiegratz","James Fox"],"metascore":72},"Mr. & Mrs. Smith":{"revenue":478207520,"release_date":"2005-06-09","poster":"/dqs5BmwSULtB28Kls3IB6khTQwp.jpg","id":787,"imdb":"tt0356910","cast":["Angelina Jolie","Brad Pitt","Vince Vaughn","Adam Brody","Kerry Washington","Keith David","Chris Weitz","Rachael Huntley","Michelle Monaghan","Jennifer Morrison"],"metascore":55},"The Longest Yard":{"revenue":190320568,"release_date":"2005-05-19","poster":"/ag6q9euZABqbHtbDhoRT9xEYltP.jpg","id":9291,"imdb":"tt0398165","cast":["Adam Sandler","Chris Rock","Burt Reynolds","Michael Irvin","Nelly","Bill Goldberg","Terry Crews","Bob Sapp","Nicholas Turturro","Dalip Singh Rana"],"metascore":48},"Madagascar":{"revenue":532680671,"release_date":"2005-05-26","poster":"/yumzX3Fn7geEKEjuAGNcRjZETPE.jpg","id":953,"imdb":"tt0351283","cast":["Ben Stiller","Chris Rock","David Schwimmer","Jada Pinkett Smith","Sacha Baron Cohen","Paco León"],"metascore":57},"Chicken Little":{"revenue":314432665,"release_date":"2005-11-04","poster":"/iLMALbInUmbNn1tHmxJEWm5MyjP.jpg","id":9982,"imdb":"tt0371606","cast":["Zach Braff","Garry Marshall","Don Knotts","Patrick Stewart","Amy Sedaris","Steve Zahn","Joan Cusack","Wallace Shawn","Harry Shearer","Fred Willard"],"metascore":48},"Fun With Dick and Jane":{"revenue":201580853,"release_date":"2005-12-21","poster":"/nevy1DCIpEOqeuqrBjeSHCrNLQ9.jpg","id":7552,"imdb":"tt0369441","cast":["Jim Carrey","Téa Leoni","Alec Baldwin","Richard Jenkins","Angie Harmon","John Michael Higgins","Richard Burgi","Carlos Jacott","Aaron Michael Drozin","Gloria Garayua"],"metascore":47},"Hitch":{"revenue":368100420,"release_date":"2005-02-10","poster":"/wY1AsrhhymgxVruhkPtfBoLnUA3.jpg","id":8488,"imdb":"tt0386588","cast":["Will Smith","Eva Mendes","Amber Valletta","Julie Ann Emery","Adam Arkin","Robinne Lee","Kevin James","Ryan Cross","Michael Rapaport","Jeffrey Donovan"],"metascore":58},"Fantastic Four":{"revenue":330000000,"release_date":"2005-07-07","poster":"/aJwUBmUA11lkNVSJ3if3h3xHSFd.jpg","id":9738,"imdb":"tt0120667","cast":["Ioan Gruffudd","Jessica Alba","Chris Evans","Michael Chiklis","Julian McMahon","Kerry Washington","Hamish Linklater","Laurie Holden","David Parker","Kevin McNulty"],"metascore":40},"The Pacifier":{"revenue":113006880,"release_date":"2005-03-04","poster":"/relmzmNmlF8EkyYJy2kJjXjxiMi.jpg","id":10022,"imdb":"tt0395699","cast":["Vin Diesel","Lauren Graham","Faith Ford","Brittany Snow","Max Thieriot","Carol Kane","Tate Donovan"],"metascore":30},"Robots":{"revenue":260696994,"release_date":"2005-03-21","poster":"/6R7XAaW12OQYMlcAlEhwM4lXE5x.jpg","id":9928,"imdb":"tt0358082","cast":["Robin Williams","Ewan McGregor","Halle Berry","Mel Brooks","Paula Abdul","Amanda Bynes","Drew Carey","Jennifer Coolidge","Lucille Bliss","Terry Bradshaw"],"metascore":64},"Saw II":{"revenue":152925093,"release_date":"2005-10-28","poster":"/vC7ggR8njwtQOZRmrSvMtHqy9hx.jpg","id":215,"imdb":"tt0432348","cast":["Tobin Bell","Shawnee Smith","Donnie Wahlberg","Erik Knudsen","Franky G","Glenn Plummer","Emmanuelle Vaugier","Beverley Mitchell","Tim Burd","Dina Meyer"],"metascore":40},"Brokeback Mountain":{"revenue":178043761,"release_date":"2005-09-03","poster":"/z2DqVxj17aW6xpimRlCLfhKSfUm.jpg","id":142,"imdb":"tt0388795","cast":["Heath Ledger","Jake Gyllenhaal","Randy Quaid","Michelle Williams","Anne Hathaway","Larry Reese","Valerie Planche","Marty Antonini","Linda Cardellini","Anna Faris"],"metascore":87},"Walk the Line":{"revenue":170000000,"release_date":"2005-11-18","poster":"/uDw7zIHQIpVPnOKS0GfDi50qRDj.jpg","id":69,"imdb":"tt0358273","cast":["Joaquin Phoenix","Reese Witherspoon","Ginnifer Goodwin","Robert Patrick","Tyler Hilton","Johnathan Rice","Shooter Jennings","Waylon Payne","Dallas Roberts","Dan John Miller"],"metascore":72},"Harry Potter and the Goblet of Fire":{"revenue":895921036,"release_date":"2005-11-05","poster":"/6sASqcdrEHXxUhA3nFpjrRecPD2.jpg","id":674,"imdb":"tt0330373","cast":["Daniel Radcliffe","Rupert Grint","Emma Watson","Ralph Fiennes","Michael Gambon","Alan Rickman","Robbie Coltrane","Brendan Gleeson","Miranda Richardson","Gary Oldman"],"metascore":81},"Cheaper by the Dozen 2":{"revenue":129181830,"release_date":"2005-12-21","poster":"/m5RlFJIE4Pu0fx3IPMdYTNMRdGv.jpg","id":9641,"imdb":"tt0452598","cast":["Steve Martin","Eugene Levy","Bonnie Hunt","Tom Welling","Jonathan Bennett","Forrest Landis","Carmen Electra","Taylor Lautner","Jacob Smith","Kevin G. Schmidt"],"metascore":34},"Flightplan":{"revenue":223387299,"release_date":"2005-09-23","poster":"/bzf8zZRyajl4fb7oPSvHgqrcv9e.jpg","id":9315,"imdb":"tt0408790","cast":["Jodie Foster","Peter Sarsgaard","Sean Bean","Kate Beahan","Michael Irby","Assaf Cohen","Erika Christensen","Shane Edelman","Mary Gallagher","Haley Ramm"],"metascore":53},"Monster-in-Law":{"revenue":154749918,"release_date":"2005-05-13","poster":"/5GSLdahlqJX1Mb6l9vJI6tXQGaS.jpg","id":4379,"imdb":"tt0369735","cast":["Jennifer Lopez","Jane Fonda","Michael Vartan","Wanda Sykes","Adam Scott","Monet Mazur","Annie Parisse","Will Arnett","Elaine Stritch","Stephen Dunham"],"metascore":31},"The Dukes of Hazzard":{"revenue":110803676,"release_date":"2005-08-05","poster":"/v7nUsMx7KWV1FLyn3KhU5w1UQnE.jpg","id":6519,"imdb":"tt0377818","cast":["Johnny Knoxville","Seann William Scott","Alice Greczyn","Steve Lemme","Jessica Simpson","Burt Reynolds","Joe Don Baker","Michael Weston","Mitch Braswell","Michael Roof"],"metascore":33},"March of the Penguins":{"revenue":127392239,"release_date":"2005-01-26","poster":"/aocUVKlBV0JHbg0IZuEN1uTTXjs.jpg","id":1667,"imdb":"tt0428803","cast":["Morgan Freeman","Charles Berling","Romane Bohringer","Jules Sitruk"],"metascore":79},"Constantine":{"revenue":230427240,"release_date":"2005-02-18","poster":"/q19U91KJ1yabMmFYSyu5U7SetsP.jpg","id":561,"imdb":"tt0360486","cast":["Keanu Reeves","Rachel Weisz","Shia LaBeouf","Djimon Hounsou","Max Baker","Pruitt Taylor Vince","Gavin Rossdale","Tilda Swinton","Peter Stormare","Jesse Ramirez"],"metascore":50},"The 40 Year Old Virgin":{"revenue":109449237,"release_date":"2005-08-11","poster":"/wAKUo12pRBGyFJQV27LFJoTvMU5.jpg","id":6957,"imdb":"tt0405422","cast":["Steve Carell","Catherine Keener","Paul Rudd","Romany Malco","Seth Rogen","Jane Lynch","Leslie Mann","Elizabeth Banks","Stormy Daniels","Kat Dennings"],"metascore":73},"Four Brothers":{"revenue":92374674,"release_date":"2005-08-11","poster":"/3M2J5XhGcWisTomkNNkYwYN9PS7.jpg","id":8292,"imdb":"tt0430105","cast":["Mark Wahlberg","Tyrese Gibson","André Benjamin","Garrett Hedlund","Terrence Howard","Josh Charles","Sofía Vergara","Fionnula Flanagan","Chiwetel Ejiofor","Taraji P. Henson"],"metascore":49},"Herbie Fully Loaded":{"revenue":66002004,"release_date":"2005-06-18","poster":"/a0zQJrWYHiUC6EzTofznsBKWzh0.jpg","id":11451,"imdb":"tt0400497","cast":["Lindsay Lohan","Michael Keaton","Matt Dillon","Breckin Meyer","Justin Long","Cheryl Hines","Jimmi Simpson","Scoot McNairy","Thomas Lennon","Jill Ritchie"],"metascore":47},"Sahara":{"revenue":202900000,"release_date":"2005-04-08","poster":"/xB5JjL6wLzq5goIWTPoJ4tFreL5.jpg","id":7364,"imdb":"tt0318649","cast":["Matthew McConaughey","Penélope Cruz","Steve Zahn","William H. Macy","Lennie James","Lambert Wilson","Rainn Wilson","Glynn Turman","Clint Dyer","Delroy Lindo"],"metascore":41},"The Interpreter":{"revenue":162944923,"release_date":"2005-03-11","poster":"/aAW4W8x41TwWQUQpLQqkWNQbtlv.jpg","id":179,"imdb":"tt0373926","cast":["Nicole Kidman","Sean Penn","Catherine Keener","Jesper Christensen","Yvan Attal","Earl Cameron","George Harris","Michael Wright","Clyde Kusatsu","Eric Keenleyside"],"metascore":62},"Guess Who":{"revenue":68915888,"release_date":"2005-03-25","poster":"/piJqmEGfAxRhh4CDk0p41ESkVi6.jpg","id":11638,"imdb":"tt0372237","cast":["Bernie Mac","Ashton Kutcher","Zoe Saldana","Judith Scott","Hal Williams","Kellee Stewart"],"metascore":49},"Sin City":{"revenue":158733820,"release_date":"2005-03-31","poster":"/eCJkepVJslq1nEtqURLaC1zLPAL.jpg","id":187,"imdb":"tt0401792","cast":["Bruce Willis","Mickey Rourke","Clive Owen","Jessica Alba","Elijah Wood","Josh Hartnett","Jaime King","Rutger Hauer","Benicio del Toro","Rosario Dawson"],"metascore":74},"Coach Carter":{"revenue":76669806,"release_date":"2005-01-14","poster":"/8c6BeOIrDStz2aiPceYdI5sd9pL.jpg","id":7214,"imdb":"tt0393162","cast":["Samuel L. Jackson","Rob Brown","Robert Ri'chard","Rick Gonzalez","Channing Tatum","Texas Battle","Lacey Beeman","Octavia Spencer"],"metascore":57},"Cinderella Man":{"revenue":108539911,"release_date":"2005-06-02","poster":"/xZhumK43Z6jmwCWglh7uHcpkqdb.jpg","id":921,"imdb":"tt0352248","cast":["Russell Crowe","Renée Zellweger","Paul Giamatti","Craig Bierko","Paddy Considine","Bruce McGill","David Huband","Connor Price","Ariel Waller","Patrick Louis"],"metascore":69},"Bewitched":{"revenue":63313159,"release_date":"2005-06-24","poster":"/auUAybijSJ72XuTaPgh0EhvyJ13.jpg","id":9722,"imdb":"tt0374536","cast":["Nicole Kidman","Will Ferrell","Shirley MacLaine","Michael Caine","Jason Schwartzman","Kristin Chenoweth","Heather Burns","Jim Turner","Stephen Colbert","David Alan Grier"],"metascore":34},"Sky High":{"revenue":86369815,"release_date":"2005-07-29","poster":"/jKYlbnOwzaQOyOWOBfvIE4ga1Zc.jpg","id":11459,"imdb":"tt0405325","cast":["Michael Angarano","Kurt Russell","Kelly Preston","Danielle Panabaker","Kevin Heffernan","Dee Jay Daniels","Kelly Vitz","Mary Elizabeth Winstead","Lynda Carter","Bruce Campbell"],"metascore":62},"Memoirs of a Geisha":{"revenue":162242962,"release_date":"2005-12-06","poster":"/e8FHAqAYpYQ7P3yHRIs4hwjvnSU.jpg","id":1904,"imdb":"tt0397535","cast":["Zhang Ziyi","Gong Li","Youki Kudoh","Tsai Chin","Suzuka Ohgo","Ken Watanabe","Michelle Yeoh","Navia Nguyen","Kōji Yakusho","Kaori Momoi"],"metascore":54},"Wallace & Gromit: The Curse of the Were-Rabbit":{"revenue":192452832,"release_date":"2005-10-14","poster":"/tLryx0x9TDV5rifA9W8yUvDZFHB.jpg","id":533,"imdb":"tt0312004","cast":["Nicholas Smith","Liz Smith","John Thomson","Vincent Ebrahim","Geraldine McEwan","Edward Kelsey","Dicken Ashworth"],"metascore":87},"Red Eye":{"revenue":57891803,"release_date":"2005-08-04","poster":"/lgZmqeQIKdLHJNkPi8JfaWikes2.jpg","id":11460,"imdb":"tt0421239","cast":["Rachel McAdams","Cillian Murphy","Brian Cox","Jayma Mays","Laura Johnson","Max Kasch","Angela Paton","Suzie Plakson","Jack Scalia","Robert Pine"],"metascore":71},"Jarhead":{"revenue":96900000,"release_date":"2005-11-04","poster":"/kmbyO0XUHRHcMyxVSZAWDdrpxIu.jpg","id":25,"imdb":"tt0418763","cast":["Jamie Foxx","Jake Gyllenhaal","Scott MacDonald","Lucas Black","Peter Sarsgaard","Laz Alonso","Chris Cooper","Brian Geraghty","Damion Poitier","John Krasinski"],"metascore":58},"Hide and Seek":{"revenue":122644820,"release_date":"2005-01-27","poster":"/yG1RGIGCcq2AQvB8h4E3azCWMZR.jpg","id":11096,"imdb":"tt0382077","cast":["Robert De Niro","Dakota Fanning","Famke Janssen","Elisabeth Shue","Amy Irving","Dylan Baker","Melissa Leo","Robert John Burke"],"metascore":35},"Yours, Mine and Ours":{"revenue":72028752,"release_date":"2005-11-23","poster":"/ahwCn8eYUdbWj4eFaElzMV8Y4PP.jpg","id":13499,"imdb":"tt0443295","cast":["Dennis Quaid","Rene Russo","Sean Faris"],"metascore":38},"Syriana":{"revenue":94000000,"release_date":"2005-11-23","poster":"/ArLpoafsdFhs5USOn2AUsEIImxI.jpg","id":231,"imdb":"tt0365737","cast":["George Clooney","Matt Damon","Jeffrey Wright","Chris Cooper","Amanda Peet","William Hurt","Christopher Plummer","Alexander Siddig","Kayvan Novak","Amr Waked"],"metascore":76},"White Noise":{"revenue":56094360,"release_date":"2005-01-07","poster":"/jilH5XTvUdF8vCo4aCWscctGG7V.jpg","id":11804,"imdb":"tt0375210","cast":["Michael Keaton","Chandra West","Deborah Kara Unger","Ian McNeice","Keegan Connor Tracy"],"metascore":30},"Crash":{"revenue":98410061,"release_date":"2004-09-10","poster":"/pG8LL4LYMCr5uikhx9rewrW8352.jpg","id":1640,"imdb":"tt0375679","cast":["Sandra Bullock","Don Cheadle","Matt Dillon","Michael Peña","Jennifer Esposito","Brendan Fraser","Nona Gaye","Terrence Howard","Ludacris","Thandie Newton"],"metascore":69},"Kicking & Screaming":{"revenue":56070433,"release_date":"2005-05-13","poster":"/dUuB69V9QTbvRFCasweftCQwiV.jpg","id":9981,"imdb":"tt0384642","cast":["Will Ferrell","Robert Duvall","Kate Walsh","Musetta Vander","Josh Hutcherson","Steven Anthony Lawrence","Mike Ditka","Dylan McLaughlin","Jeremy Bergman","Elliott Cho"],"metascore":45},"Night at the Museum":{"revenue":549736156,"release_date":"2006-12-21","poster":"/NUbCSwy2EQ9Z6psUjPqr3WdVI2.jpg","id":1593,"imdb":"tt0477347","cast":["Ben Stiller","Jake Cherry","Carla Gugino","Robin Williams","Dick Van Dyke","Mickey Rooney","Bill Cobbs","Ricky Gervais","Kim Raver","Patrick Gallagher"],"metascore":48},"Corpse Bride":{"revenue":117195061,"release_date":"2005-09-15","poster":"/o9GbcdP7rOg2m1NyUnUR3ZwNcTE.jpg","id":3933,"imdb":"tt0121164","cast":["Johnny Depp","Helena Bonham Carter","Emily Watson","Tracey Ullman","Christopher Lee","Danny Elfman","Albert Finney","Richard E. Grant","Paul Whitehouse","Joanna Lumley"],"metascore":83},"Pirates of the Caribbean: Dead Man's Chest":{"revenue":1065659812,"release_date":"2006-07-07","poster":"/9pSUIBqkr89PdlJ6fNrXwNNbgp.jpg","id":58,"imdb":"tt0383574","cast":["Johnny Depp","Orlando Bloom","Keira Knightley","Bill Nighy","Jack Davenport","Stellan Skarsgård","Tom Hollander","Jonathan Pryce","Naomie Harris","Geoffrey Rush"],"metascore":53},"Happy Feet":{"revenue":384330479,"release_date":"2006-11-17","poster":"/8RLEzftZK87S2usLsQoYtyNYzoV.jpg","id":9836,"imdb":"tt0366548","cast":["Lombardo Boyar","Robin Williams","Johnny A. Sanchez","Carlos Alazraqui","Jeffrey Garcia","Elijah Wood","Brittany Murphy","Hugh Jackman","Nicole Kidman","Hugo Weaving"],"metascore":77},"X-Men: The Last Stand":{"revenue":234360014,"release_date":"2006-05-26","poster":"/5QpaN7ZBAR6D3FotvEIMX0qZxHg.jpg","id":36668,"imdb":"tt0376994","cast":["Hugh Jackman","Halle Berry","Ian McKellen","Patrick Stewart","Famke Janssen","Anna Paquin","Kelsey Grammer","James Marsden","Rebecca Romijn","Shawn Ashmore"],"metascore":58},"Cars":{"revenue":461983149,"release_date":"2006-06-08","poster":"/wjn9AKZy98qCiixi9iWpuxiUTfh.jpg","id":920,"imdb":"tt0317219","cast":["Owen Wilson","Paul Newman","Bonnie Hunt","Larry the Cable Guy","Cheech Marin","Tony Shalhoub","Guido Quaroni","Jenifer Lewis","Paul Dooley","Michael Wallis"],"metascore":73},"The Pursuit of Happyness":{"revenue":305070744,"release_date":"2006-12-14","poster":"/qTyZ6bRb36FjoDPszbWa6zVYzJZ.jpg","id":1402,"imdb":"tt0454921","cast":["Will Smith","Thandie Newton","Brian Howe","James Karen","Jaden Smith"],"metascore":64},"Click":{"revenue":237681299,"release_date":"2006-06-22","poster":"/hsiJ9CsCEkUF63xwcbtaCwXuEF3.jpg","id":9339,"imdb":"tt0389860","cast":["Adam Sandler","Kate Beckinsale","Christopher Walken","David Hasselhoff","Sean Astin","Katie Cassidy"],"metascore":45},"The Da Vinci Code":{"revenue":755724413,"release_date":"2006-05-19","poster":"/e5Tlc0mNhb9TvgCZknmnd3XaaKU.jpg","id":591,"imdb":"tt0382625","cast":["Tom Hanks","Audrey Tautou","Ian McKellen","Paul Bettany","Jean Reno","Alfred Molina","Jean-Yves Berteloot","Jean-Pierre Marielle","Jürgen Prochnow","Marie-Françoise Audollent"],"metascore":46},"Ice Age: The Meltdown":{"revenue":195330621,"release_date":"2006-03-31","poster":"/isRuztu5Ch7FJdtSBLcG8QSOpEI.jpg","id":950,"imdb":"tt0438097","cast":["Ray Romano","John Leguizamo","Denis Leary","Queen Latifah","Seann William Scott","Josh Peck","Jay Leno"],"metascore":58},"Talladega Nights: The Ballad of Ricky Bobby":{"revenue":162966177,"release_date":"2006-08-04","poster":"/iDK2dXKAfU77Yh9urBysCFqEVxQ.jpg","id":9718,"imdb":"tt0415306","cast":["Will Ferrell","John C. Reilly","Gary Cole","Austin Crim","Jake Johnson","Leslie Bibb","Amy Adams","Jane Lynch","David Koechner"],"metascore":66},"Superman Returns":{"revenue":391081192,"release_date":"2006-06-21","poster":"/mAZ9zR7I7TjWvL4Yw3HkchsTeGM.jpg","id":1452,"imdb":"tt0348150","cast":["Brandon Routh","Kevin Spacey","Kate Bosworth","James Marsden","Parker Posey","Frank Langella","Sam Huntington","Eva Marie Saint","Marlon Brando","Kal Penn"],"metascore":72},"Casino Royale":{"revenue":594786758,"release_date":"2006-11-15","poster":"/toEaueEfDxX57y4J5MRRA7qsy5K.jpg","id":36557,"imdb":"tt0381061","cast":["Daniel Craig","Eva Green","Mads Mikkelsen","Judi Dench","Jeffrey Wright","Giancarlo Giannini","Caterina Murino","Simon Abkarian","Isaach De Bankolé","Jesper Christensen"],"metascore":81},"Mission: Impossible III":{"revenue":395668139,"release_date":"2006-05-04","poster":"/5tMxKlzRSvA6HoPAuFRcEMoEZsY.jpg","id":956,"imdb":"tt0317919","cast":["Tom Cruise","Philip Seymour Hoffman","Ving Rhames","Billy Crudup","Jonathan Rhys Meyers","Michelle Monaghan","Keri Russell","Maggie Q","Simon Pegg","Aaron Paul"],"metascore":66},"Inside Man":{"revenue":184376254,"release_date":"2006-04-13","poster":"/z6wYRuvk1lf60R4SmWETfdUvGsm.jpg","id":388,"imdb":"tt0454848","cast":["Denzel Washington","Jodie Foster","Clive Owen","Christopher Plummer","Chiwetel Ejiofor","Carlos Andrés Gómez","Kim Director","James Ransone","Bernie Rachelle","Peter Gerety"],"metascore":76},"The Devil Wears Prada":{"revenue":326551094,"release_date":"2006-06-30","poster":"/8unCRm0LeiO0fM6skWAZy3ZfXR1.jpg","id":350,"imdb":"tt0458352","cast":["Meryl Streep","Anne Hathaway","Emily Blunt","Stanley Tucci","Simon Baker","Adrian Grenier","Tracie Thoms","Rich Sommer","Daniel Sunjata"],"metascore":62},"Dreamgirls":{"revenue":103365956,"release_date":"2006-12-25","poster":"/jrtyk21qp9oVHveellwoyp825q2.jpg","id":1125,"imdb":"tt0443489","cast":["Jamie Foxx","Beyoncé Knowles","Eddie Murphy","Danny Glover","Anika Noni Rose","Keith Robinson","Jennifer Hudson","Sharon Leal","Hinton Battle","Mariah I. Wilson"],"metascore":76},"Saw III":{"revenue":163876815,"release_date":"2006-10-27","poster":"/anWZLD1GS4oumMkf20o2xIMnvlp.jpg","id":214,"imdb":"tt0489270","cast":["Tobin Bell","Angus Macfadyen","Dina Meyer","Kim Roberts","Shawnee Smith","Bahar Soomekh"],"metascore":48},"The Departed":{"revenue":289847354,"release_date":"2006-10-05","poster":"/tGLO9zw5ZtCeyyEWgbYGgsFxC6i.jpg","id":1422,"imdb":"tt0407887","cast":["Leonardo DiCaprio","Matt Damon","Jack Nicholson","Mark Wahlberg","Martin Sheen","Ray Winstone","Vera Farmiga","Anthony Anderson","Alec Baldwin","Kevin Corrigan"],"metascore":86},"The Break-Up":{"revenue":118806699,"release_date":"2006-06-02","poster":"/wjbKWg1Zcu70mNWo5SzqMkQlQQe.jpg","id":9767,"imdb":"tt0452594","cast":["Vince Vaughn","Jennifer Aniston","Joey Lauren Adams","Cole Hauser","Jon Favreau","Jason Bateman","Judy Davis","Justin Long","Ivan Sergei","John Michael Higgins"],"metascore":45},"Failure to Launch":{"revenue":88715192,"release_date":"2006-03-10","poster":"/sJUEp6HGFitc3Ai2ZnaSJEGy96T.jpg","id":6877,"imdb":"tt0427229","cast":["Matthew McConaughey","Sarah Jessica Parker","Zooey Deschanel","Justin Bartha","Bradley Cooper","Terry Bradshaw","Kathy Bates","Tyrel Jackson Williams","Katheryn Winnick","Patton Oswalt"],"metascore":47},"You, Me and Dupree":{"revenue":130431368,"release_date":"2006-07-14","poster":"/1lhjnPEkfFElzPW2JJnr7fA9gvd.jpg","id":1819,"imdb":"tt0463034","cast":["Kate Hudson","Owen Wilson","Matt Dillon","Michael Douglas","Seth Rogen","Amanda Detmer","Ralph Ting","Todd Stashwick","Bill Hader","Lance Armstrong"],"metascore":46},"Over the Hedge":{"revenue":155019340,"release_date":"2006-05-19","poster":"/fGvoD6n6blbFprgbl3BJ2U8YHSF.jpg","id":7518,"imdb":"tt0327084","cast":["Bruce Willis","Garry Shandling","Steve Carell","Wanda Sykes","William Shatner","Nick Nolte","Thomas Haden Church","Allison Janney","Eugene Levy","Catherine O'Hara"],"metascore":67},"Borat: Cultural Learnings of America for Make Benefit Glorious Nation of Kazakhstan":{"revenue":128505958,"release_date":"2006-11-02","poster":"/czn1hU2hJ9ZnDSMvT9lKo261ABH.jpg","id":496,"imdb":"tt0443453","cast":["Sacha Baron Cohen","Ken Davitian","Luenell","Pamela Anderson","Bob Barr","Alan Keyes","Carole De Saram","Mitchell Falk"],"metascore":89},"Eight Below":{"revenue":120455994,"release_date":"2006-03-22","poster":"/vPw5sWMEC6sIXGhX4cewNTzKTNk.jpg","id":9036,"imdb":"tt0397313","cast":["Paul Walker","Bruce Greenwood","Moon Bloodgood","Jason Biggs","Gerard Plunkett","August Schellenberg","Wendy Crewson"],"metascore":64},"Open Season":{"revenue":189088279,"release_date":"2006-09-29","poster":"/9TY3wQPNhZ60Mng0JetKEOfXqxU.jpg","id":7484,"imdb":"tt0400717","cast":["Martin Lawrence","Ashton Kutcher","Gary Sinise","Debra Messing","Billy Connolly","Georgia Engel","Jon Favreau","Jane Krakowski","Gordon Tootoosis","Patrick Warburton"],"metascore":49},"Barnyard":{"revenue":72779000,"release_date":"2006-08-04","poster":"/5Oooyxd5B9JKl8o4iyOwwUf7JHk.jpg","id":9907,"imdb":"tt0414853","cast":["Courteney Cox","Kevin James","Sam Elliott","Danny Glover","Wanda Sykes","David Koechner","Andie MacDowell","Jeffrey Garcia","S. Scott Bullock","John Di Maggio"],"metascore":42},"Jackass Number Two":{"revenue":72778712,"release_date":"2006-09-22","poster":"/tu4BZcdkAuah70ilVT30Wfo2HjF.jpg","id":12094,"imdb":"tt0493430","cast":["Johnny Knoxville","Bam Margera","Steve-O","Chris Pontius","Stephanie Hodge"],"metascore":66},"Scary Movie 4":{"revenue":178262620,"release_date":"2006-04-14","poster":"/dYXQtXXhJUi7uQIqSaludQxvq4r.jpg","id":4257,"imdb":"tt0362120","cast":["Anna Faris","Regina Hall","Craig Bierko","Bill Pullman","Anthony Anderson","Leslie Nielsen","Carmen Electra","Shaquille O'Neal","DeRay Davis","Michael Madsen"],"metascore":40},"Eragon":{"revenue":249288105,"release_date":"2006-12-13","poster":"/xKv0dHXe4RORNDCGnFkIYWjv5tI.jpg","id":2486,"imdb":"tt0449010","cast":["Ed Speleers","Jeremy Irons","Sienna Guillory","Robert Carlyle","John Malkovich","Garrett Hedlund","Alun Armstrong","Gary Lewis","Djimon Hounsou"],"metascore":38},"Nacho Libre":{"revenue":80197993,"release_date":"2006-06-16","poster":"/lNue9evMBzqjWE4tJmUegkep8Qs.jpg","id":9353,"imdb":"tt0457510","cast":["Jack Black","Ana de la Reguera","Héctor Jiménez","Darius Rose","Moisés Arias","Carlos Maycotte","Richard Montoya","César Barrón","Rafael Montalvo","Julio Sandoval"],"metascore":52},"RV":{"revenue":87528173,"release_date":"2006-04-28","poster":"/wunuRnWuDKJQzsd1OnK55fpSzPQ.jpg","id":9530,"imdb":"tt0449089","cast":["Robin Williams","Cheryl Hines","Joanna 'JoJo' Levesque","Josh Hutcherson","Jeff Daniels","Kristin Chenoweth","Hunter Parrish","Chloe Sonnenfeld","Alex Ferris","Will Arnett"],"metascore":33},"V for Vendetta":{"revenue":132511035,"release_date":"2005-12-11","poster":"/8rI9pNiTmugkEbI249evLygl9TC.jpg","id":752,"imdb":"tt0434409","cast":["Natalie Portman","Hugo Weaving","Stephen Rea","Stephen Fry","John Hurt","Tim Pigott-Smith","Natasha Wightman","Rupert Graves","Roger Allam","Ben Miles"],"metascore":62},"Monster House":{"revenue":73661010,"release_date":"2006-08-23","poster":"/m0gpGljVAKAHM36BLX0RR4cxrNl.jpg","id":9297,"imdb":"tt0385880","cast":["Ryan Newman","Steve Buscemi","Mitchel Musso","Sam Lerner","Spencer Locke","Catherine O'Hara","Fred Willard","Woody Schultz","Ian McConnel","Maggie Gyllenhaal"],"metascore":68},"World Trade Center":{"revenue":162945894,"release_date":"2006-08-09","poster":"/hYbKIxMGqm0YaxGBYW52NbkYNAx.jpg","id":1852,"imdb":"tt0469641","cast":["Nicolas Cage","Maria Bello","Maggie Gyllenhaal","Michael Peña","Jay Hernandez","Danny Nucci","Michael Shannon","Dorothy Lyman","Peter McRobbie","Wass Stevens"],"metascore":66},"Rocky Balboa":{"revenue":119201483,"release_date":"2006-12-20","poster":"/usZMPGxyRsyOpX5nuqHFxH3qlMh.jpg","id":1246,"imdb":"tt0479143","cast":["Sylvester Stallone","Burt Young","Milo Ventimiglia","Geraldine Hughes","James Francis Kelly III","Tony Burton","A. J. Benza","Talia Shire","Henry G. Sanders","Antonio Tarver"],"metascore":63},"The Good Shepherd":{"revenue":59908565,"release_date":"2006-12-11","poster":"/s2RYkRXrjUIyOlmzym37kpLTKRz.jpg","id":1247,"imdb":"tt0343737","cast":["Matt Damon","Angelina Jolie","Alec Baldwin","Tammy Blanchard","Billy Crudup","Robert De Niro","Keir Dullea","Michael Gambon","Martina Gedeck","William Hurt"],"metascore":61},"Flushed Away":{"revenue":64459316,"release_date":"2006-10-22","poster":"/oCdPDusnJvIZN6OpaF2Yj7211w.jpg","id":11619,"imdb":"tt0424095","cast":["Hugh Jackman","Kate Winslet","Ian McKellen","Jean Reno","Bill Nighy","Andy Serkis","Shane Richie","Kathy Burke","David Suchet","Miriam Margolyes"],"metascore":74},"Poseidon":{"revenue":181674817,"release_date":"2006-05-12","poster":"/kHrdehzlhyyb190D3RvH8mdX1y2.jpg","id":503,"imdb":"tt0409182","cast":["Kurt Russell","Richard Dreyfuss","Josh Lucas","Jacinda Barrett","Emmy Rossum","Mike Vogel","Mía Maestro","Jimmy Bennett","Andre Braugher","Freddy Rodríguez"],"metascore":50},"The Holiday":{"revenue":194168700,"release_date":"2006-12-08","poster":"/4clbXUkiAMDiDXI9r7RA1sHRe1q.jpg","id":1581,"imdb":"tt0457939","cast":["Cameron Diaz","Kate Winslet","Jude Law","Jack Black","Eli Wallach","Edward Burns","Rufus Sewell","Miffy Englefield","Emma Pritchard","Sarah Parish"],"metascore":52},"The Shaggy Dog":{"revenue":61112916,"release_date":"2006-03-10","poster":"/fcfjRtbD4pgKo7jLv0EcyOBannC.jpg","id":10067,"imdb":"tt0393735","cast":["Tim Allen","Kristin Davis","Danny Glover","Spencer Breslin","Robert Downey Jr.","Zena Grey","Joshua Leonard","Jane Curtin","Annabelle Gurwitch","Jarrad Paul"],"metascore":43},"Big Momma's House 2":{"revenue":138259062,"release_date":"2006-01-26","poster":"/nrb1TjVFG4ZGmmIFaWxeEb0VGeE.jpg","id":11565,"imdb":"tt0421729","cast":["Martin Lawrence","Nia Long","Emily Procter","Zachary Levi","Mark Moses","Kat Dennings","Chloë Grace Moretz","Marisol Nichols"],"metascore":34},"The Fast and the Furious: Tokyo Drift":{"revenue":158468292,"release_date":"2006-06-03","poster":"/7zcstia8qDvxLhAQD80uLAlCsL9.jpg","id":9615,"imdb":"tt0463985","cast":["Lucas Black","Bow Wow","Nathalie Kelley","Brian Tee","Sung Kang","Brian Goodman","Sonny Chiba","Leonardo Nam","Jason Tobin","Keiko Kitagawa"],"metascore":46},"Déjà Vu":{"revenue":180557550,"release_date":"2006-11-21","poster":"/abqvTL8xYQLgAtQGmyN7UxvCRGN.jpg","id":7551,"imdb":"tt0453467","cast":["Denzel Washington","Paula Patton","Val Kilmer","Jim Caviezel","Adam Goldberg","Elden Henson","Erika Alexander","Bruce Greenwood","Rich Hutchman","Matt Craven"],"metascore":59},"Little Miss Sunshine":{"revenue":100320452,"release_date":"2006-07-26","poster":"/54fRAYrZJIiz7iTn4DXMOwht0G.jpg","id":773,"imdb":"tt0449059","cast":["Abigail Breslin","Toni Collette","Greg Kinnear","Paul Dano","Alan Arkin","Steve Carell"],"metascore":80},"Spider-Man 3":{"revenue":806742000,"release_date":"2007-05-03","poster":"/uAB4yoWsYApbKZ6qBO4grsk6j7k.jpg","id":559,"imdb":"tt0413300","cast":["Tobey Maguire","Kirsten Dunst","James Franco","Thomas Haden Church","Topher Grace","Bryce Dallas Howard","Rosemary Harris","J.K. Simmons","Elizabeth Banks","James Cromwell"],"metascore":59},"Curious George":{"revenue":58640119,"release_date":"2006-02-10","poster":"/1WyGePG0GVjAG0FEPX2s9xrP4w9.jpg","id":9975,"imdb":"tt0381971","cast":["Frank Welker","Will Ferrell","Shane Baumel","Eugene Levy","Timyra-Joi Beatty","Alexander Gould","Hailey Noelle Johnson","Christopher Chen","Dick Van Dyke","Terrence Hardy Jr."],"metascore":62},"Underworld: Evolution":{"revenue":111340801,"release_date":"2006-01-20","poster":"/fogihlu39MuYgL6pKObI4SQWPOY.jpg","id":834,"imdb":"tt0401855","cast":["Kate Beckinsale","Scott Speedman","Tony Curran","Shane Brolly","Derek Jacobi","Bill Nighy","Steven Mackintosh","Zita Görög","Brian Steele","Scott McElroy"],"metascore":36},"Invincible":{"revenue":57806952,"release_date":"2006-08-25","poster":"/yB6K696MEnZ79MBHdr2RvgPRpVL.jpg","id":11652,"imdb":"tt0445990","cast":["Mark Wahlberg","Greg Kinnear","Elizabeth Banks","Kevin Conway","Michael Rispoli","Morgan Turner"],"metascore":63},"Madea's Family Reunion":{"revenue":57231524,"release_date":"2006-02-24","poster":"/RbR50UMMYy7bFBy5GeFxNf5wsK.jpg","id":16781,"imdb":"tt0455612","cast":["Tyler Perry","Blair Underwood","Lynn Whitfield","Boris Kodjoe","Lisa Arrindell Anderson","Maya Angelou","Rochelle Aytes","Jenifer Lewis","Tangi Miller","Keke Palmer"],"metascore":45},"Shrek the Third":{"revenue":798958165,"release_date":"2007-05-17","poster":"/eDAnxTxVbrTFDz8KTMGgBXYLgYn.jpg","id":810,"imdb":"tt0413267","cast":["Mike Myers","Eddie Murphy","Cameron Diaz","Julie Andrews","Antonio Banderas","John Cleese","Rupert Everett","Eric Idle","Amy Sedaris","Justin Timberlake"],"metascore":58},"National Treasure: Book of Secrets":{"revenue":457363168,"release_date":"2007-12-13","poster":"/5fOwo57lLZ3TFPG5jL6Db9Qaq8Q.jpg","id":6637,"imdb":"tt0465234","cast":["Nicolas Cage","Jon Voight","Harvey Keitel","Ed Harris","Diane Kruger","Justin Bartha","Helen Mirren","Bruce Greenwood","Ty Burrell","Albert Hall"],"metascore":48},"I Am Legend":{"revenue":583184161,"release_date":"2007-12-13","poster":"/pfvQ3kkSbFsIPC5exKPUf5nOf60.jpg","id":6479,"imdb":"tt0480249","cast":["Will Smith","Alice Braga","Charlie Tahan","Willow Smith","Darrell Foster","April Grace","Dash Mihok","Joanna Numata","Salli Richardson-Whitfield"],"metascore":65},"Pirates of the Caribbean: At World's End":{"revenue":961000000,"release_date":"2007-05-19","poster":"/jWxHVpomgHY5M70PRbExDG3XQkL.jpg","id":285,"imdb":"tt0449088","cast":["Johnny Depp","Orlando Bloom","Keira Knightley","Chow Yun-Fat","Geoffrey Rush","Jonathan Pryce","Bill Nighy","Tom Hollander","Stellan Skarsgård","Kevin McNally"],"metascore":50},"Harry Potter and the Order of the Phoenix":{"revenue":938212738,"release_date":"2007-07-03","poster":"/lmYmoXVzVrTadfXHZ3v1ySqA1fn.jpg","id":675,"imdb":"tt0373889","cast":["Daniel Radcliffe","Rupert Grint","Emma Watson","Michael Gambon","Ralph Fiennes","Robbie Coltrane","Alan Rickman","Maggie Smith","Helena Bonham Carter","Brendan Gleeson"],"metascore":71},"Transformers":{"revenue":708226810,"release_date":"2007-07-02","poster":"/bgSHbGEA1OM6qDs3Qba4VlSZsNG.jpg","id":1858,"imdb":"tt0418279","cast":["Shia LaBeouf","Josh Duhamel","Megan Fox","Rachael Taylor","Tyrese Gibson","Jon Voight","John Turturro","Anthony Anderson","Peter Cullen","Mark Ryan"],"metascore":61},"Alvin and the Chipmunks":{"revenue":361366633,"release_date":"2007-12-16","poster":"/sAt2yb4dgrpkHjbB9dQaKD9Caor.jpg","id":6477,"imdb":"tt0952640","cast":["Jason Lee","David Cross","Cameron Richardson","Jane Lynch","Justin Long","Matthew Gray Gubler","Jesse McCartney","Veronica Alicino","Allison Karman","Tiara Parker"],"metascore":39},"American Gangster":{"revenue":266465037,"release_date":"2007-11-02","poster":"/uDSP5H5akJ85xMGSHRtaqHGBRLD.jpg","id":4982,"imdb":"tt0765429","cast":["Denzel Washington","Russell Crowe","Chiwetel Ejiofor","Josh Brolin","Lymari Nadal","Ted Levine","Roger Guenveur Smith","John Hawkes","RZA","Yul Vazquez"],"metascore":76},"The Simpsons Movie":{"revenue":527068851,"release_date":"2007-07-27","poster":"/xUJmQfAAERB6VJRNx3TCHtr7N9s.jpg","id":35,"imdb":"tt0462538","cast":["Dan Castellaneta","Julie Kavner","Nancy Cartwright","Yeardley Smith","Hank Azaria","Harry Shearer","Kelsey Grammer","Maile Flanagan","Pamela Hayden","Marcia Wallace"],"metascore":80},"Knocked Up":{"revenue":148761765,"release_date":"2007-06-01","poster":"/gqkt4gbl2094vw1dcymncbH09DF.jpg","id":4964,"imdb":"tt0478311","cast":["Seth Rogen","Katherine Heigl","Leslie Mann","Paul Rudd","Jason Segel","Jay Baruchel","Jonah Hill","Martin Starr","Maude Apatow","Harold Ramis"],"metascore":85},"Live Free or Die Hard":{"revenue":380000000,"release_date":"2007-06-21","poster":"/pHWgbaXiQD2nmex7u8Xv6XmhaZS.jpg","id":1571,"imdb":"tt0337978","cast":["Bruce Willis","Mary Elizabeth Winstead","Justin Long","Timothy Olyphant","Maggie Q","Yorgo Constantine","Kevin Smith","Cliff Curtis","Cyril Raffaelli"],"metascore":69},"Juno":{"revenue":231411584,"release_date":"2007-12-05","poster":"/eE64N6PYCSRW2mtQucfK2av5Wk2.jpg","id":7326,"imdb":"tt0467406","cast":["Ellen Page","Michael Cera","Jennifer Garner","Jason Bateman","Allison Janney","J.K. Simmons","Olivia Thirlby","Eileen Pedde","Rainn Wilson","Daniel Clark"],"metascore":81},"Ratatouille":{"revenue":623722164,"release_date":"2007-06-28","poster":"/wbG9OoWlkZ7QRyxfvpjdWUbfREX.jpg","id":2062,"imdb":"tt0382932","cast":["Patton Oswalt","Lou Romano","Janeane Garofalo","Ian Holm","Peter Sohn","Brian Dennehy","Brad Garrett","Peter O'Toole","John Ratzenberger","Jake Steinfeld"],"metascore":96},"Rush Hour 3":{"revenue":258022233,"release_date":"2007-08-10","poster":"/qgaDWYLrnEPJpc5Lp35WbgX7GfS.jpg","id":5174,"imdb":"tt0293564","cast":["Chris Tucker","Jackie Chan","Hiroyuki Sanada","Max von Sydow","Yvan Attal","Roman Polanski","Zhang Jingchu","Philip Baker Hall","Noémie Lenoir","Sarah Shahi"],"metascore":44},"Bee Movie":{"revenue":126631277,"release_date":"2007-10-28","poster":"/QhbOzpYfBOwrRiuTu9otPk919R.jpg","id":5559,"imdb":"tt0389790","cast":["Jerry Seinfeld","Renée Zellweger","Matthew Broderick","Patrick Warburton","John Goodman","Chris Rock","Kathy Bates","Barry Levinson","Larry King","Ray Liotta"],"metascore":54},"Superbad":{"revenue":169860655,"release_date":"2007-08-17","poster":"/koc9kgcoTXYWXI71rQXF3eR3B8N.jpg","id":8363,"imdb":"tt0829482","cast":["Jonah Hill","Michael Cera","Christopher Mintz-Plasse","Bill Hader","Seth Rogen","Martha MacIsaac","Emma Stone","Aviva","Joe Lo Truglio","Kevin Corrigan"],"metascore":76},"Fantastic 4: Rise of the Silver Surfer":{"revenue":289047763,"release_date":"2007-06-14","poster":"/fXpziQgnBnB4bLgjKhjTbLQumE5.jpg","id":1979,"imdb":"tt0486576","cast":["Ioan Gruffudd","Jessica Alba","Chris Evans","Michael Chiklis","Doug Jones","Laurence Fishburne","Julian McMahon","Kerry Washington","Beau Garrett","Vanessa Lachey"],"metascore":45},"Enchanted":{"revenue":340487652,"release_date":"2007-11-20","poster":"/syHRHMysV3B7DFOf88McrJl7yim.jpg","id":4523,"imdb":"tt0461770","cast":["Patrick Dempsey","Amy Adams","James Marsden","Timothy Spall","Rachel Covey","Susan Sarandon","Idina Menzel","Julie Andrews","Jeff Bennett","Kevin Lima"],"metascore":75},"I Now Pronounce You Chuck & Larry":{"revenue":186054174,"release_date":"2007-07-19","poster":"/5WcTpKineI5CEae8g4GFhkMCmTr.jpg","id":3563,"imdb":"tt0762107","cast":["Jessica Biel","Ving Rhames","Steve Buscemi","Nicholas Turturro","Allen Covert","Rachel Dratch","Nick Swardson","Dan Aykroyd","Richard Chamberlain","Adam Sandler"],"metascore":37},"Ghost Rider":{"revenue":228738393,"release_date":"2007-02-16","poster":"/vStrjv8HjyrvxD8Unpre89oMYpj.jpg","id":1250,"imdb":"tt0259324","cast":["Nicolas Cage","Eva Mendes","Wes Bentley","Donal Logue","Sam Elliott","Peter Fonda","Brett Cullen","Matt Long","Raquel Alessi","Tony Ghosthawk"],"metascore":35},"Ocean's Thirteen":{"revenue":311312624,"release_date":"2007-06-07","poster":"/k7jNRNN9UuUc2VQg21YXYn3JGVY.jpg","id":298,"imdb":"tt0496806","cast":["George Clooney","Brad Pitt","Matt Damon","Al Pacino","Bernie Mac","Andy García","Casey Affleck","Scott Caan","Carl Reiner","Don Cheadle"],"metascore":62},"The Bourne Ultimatum":{"revenue":227471070,"release_date":"2007-08-03","poster":"/fHho6JYYY0nRcETWSoeI19iZsNF.jpg","id":2503,"imdb":"tt0440963","cast":["Matt Damon","Julia Stiles","David Strathairn","Scott Glenn","Paddy Considine","Édgar Ramírez","Albert Finney","Joan Allen","Tom Gallop","Corey Johnson"],"metascore":85},"Hairspray":{"revenue":90450008,"release_date":"2007-07-13","poster":"/ndOpIx4BXpFCRRIxgMoGHxZxlE9.jpg","id":2976,"imdb":"tt0427327","cast":["John Travolta","Michelle Pfeiffer","Christopher Walken","Amanda Bynes","James Marsden","Queen Latifah","Brittany Snow","Zac Efron","Elijah Kelley","Allison Janney"],"metascore":81},"Evan Almighty":{"revenue":32000000,"release_date":"2007-06-09","poster":"/mtIjd19s4eOSkUm9P9iDVY35TsQ.jpg","id":2698,"imdb":"tt0413099","cast":["Steve Carell","Lauren Graham","John Goodman","Jimmy Bennett","John Michael Higgins","Morgan Freeman","Wanda Sykes","Graham Phillips","Johnny Simmons","Jonah Hill"],"metascore":37},"Bridge to Terabithia":{"revenue":137587063,"release_date":"2007-02-16","poster":"/vNUvGD1Pl5NjgiSrtVrEa52Ewju.jpg","id":1265,"imdb":"tt0398808","cast":["Josh Hutcherson","AnnaSophia Robb","Zooey Deschanel","Kate Butler","Bailee Madison","Robert Patrick","Grace Brannigan","Emma Fenton","Lauren Clinton","Isabelle Rose Kircher"],"metascore":74},"Meet the Robinsons":{"revenue":169332978,"release_date":"2007-03-28","poster":"/oe7w9SxGmpSW1dlz5QaVVKWBEVz.jpg","id":1267,"imdb":"tt0396555","cast":["Tom Selleck","Laurie Metcalf","Angela Bassett","Nicole Sullivan","Harland Williams","Daniel Hansen","Jordan Fry","Matthew Josten","John H. H. Ford","Dara McGarry"],"metascore":61},"The Bucket List":{"revenue":175372502,"release_date":"2007-12-25","poster":"/3ktww154vChp5Y1qOrJZFLvqYz8.jpg","id":7350,"imdb":"tt0825232","cast":["Jack Nicholson","Morgan Freeman","Sean Hayes","Beverly Todd","Rob Morrow","Alfonso Freeman","Rowena King","Annton Berry Jr.","Verda Bridges","Destiny Brownridge"],"metascore":42},"Disturbia":{"revenue":117573043,"release_date":"2007-04-13","poster":"/sJ4KYLa6rA2coFd9FjOOjm6d2Km.jpg","id":8271,"imdb":"tt0486822","cast":["Shia LaBeouf","Sarah Roemer","Carrie-Anne Moss","David Morse","Aaron Yoo","Jose Pablo Cantillo","Matt Craven","Viola Davis"],"metascore":62},"The Golden Compass":{"revenue":350983908,"release_date":"2007-12-07","poster":"/p9I0fu6MeMPF3NYKij7JtSNlG2W.jpg","id":2268,"imdb":"tt0385752","cast":["Nicole Kidman","Daniel Craig","Eva Green","Ian McShane","Sam Elliott","Tom Courtenay","Derek Jacobi","Ben Walker","Simon McBurney","Magda Szubanski"],"metascore":51},"The Game Plan":{"revenue":144608461,"release_date":"2007-09-28","poster":"/v16hfzkZJj1Cs3kgNr9OLKWOlMT.jpg","id":13680,"imdb":"tt0492956","cast":["Dwayne Johnson","Madison Pettis","Kyra Sedgwick","Roselyn Sánchez","Morris Chestnut","Hayes MacArthur","Brian J. White","Jamal Duff","Paige Turco","Gordon Clapp"],"metascore":44},"Saw IV":{"revenue":139352633,"release_date":"2007-10-25","poster":"/v6oO407zrjHuqkcXyAFFnnchWm4.jpg","id":663,"imdb":"tt0890870","cast":["Tobin Bell","Scott Patterson","Betsy Russell","Costas Mandylor","Lyriq Bent","Louis Ferreira","Athena Karkanis","Simon Reynolds","Mike Realba","Marty Adams"],"metascore":36},"Stomp the Yard":{"revenue":75511123,"release_date":"2007-05-17","poster":"/lxL7asjsO2eJ4vegKyTbLYIpLTm.jpg","id":1931,"imdb":"tt0775539","cast":["Columbus Short","Meagan Good","Ne-Yo","Darrin Henson","Jermaine Williams","Chris Brown","Laz Alonso","Brian J. White","Valarie Pettiford","Allan Louis"],"metascore":44},"No Country for Old Men":{"revenue":159009059,"release_date":"2007-11-08","poster":"/6o0UWX2naW7HK45PDNYmoMIk5qs.jpg","id":6977,"imdb":"tt0477348","cast":["Tommy Lee Jones","Javier Bardem","Josh Brolin","Woody Harrelson","Kelly Macdonald","Garret Dillahunt","Tess Harper","Barry Corbin","Stephen Root","Rodger Boyce"],"metascore":91},"Beowulf":{"revenue":195735876,"release_date":"2007-11-05","poster":"/j90lLkvlcPNL6VVoLGQ0yzPUfJV.jpg","id":2310,"imdb":"tt0442933","cast":["Ray Winstone","Angelina Jolie","Anthony Hopkins","Robin Wright","John Malkovich","Brendan Gleeson","Crispin Glover","Alison Lohman","Greg Ellis","Sebastian Roché"],"metascore":59},"Charlie Wilson's War":{"revenue":119000410,"release_date":"2007-12-21","poster":"/zqAYxE2OzTVZDGavMcTxuWEhK3G.jpg","id":6538,"imdb":"tt0472062","cast":["Tom Hanks","Philip Seymour Hoffman","Julia Roberts","Amy Adams","Om Puri","Shiri Appleby","John Slattery","Rachel Nichols","Erick Avari"],"metascore":69},"Fred Claus":{"revenue":97838349,"release_date":"2007-11-03","poster":"/vFniWmciRi4tAjAYGp2wrK0P8dJ.jpg","id":5375,"imdb":"tt0486583","cast":["Vince Vaughn","Paul Giamatti","John Michael Higgins","Miranda Richardson","Rachel Weisz","Kathy Bates","Trevor Peacock","Elizabeth Banks","Jeremy Swift"],"metascore":42},"Atonement":{"revenue":129266061,"release_date":"2007-08-29","poster":"/quaWuwYZd8IbZMCOhW3CZEvyCWJ.jpg","id":4347,"imdb":"tt0783233","cast":["Keira Knightley","James McAvoy","Romola Garai","Saoirse Ronan","Brenda Blethyn","Vanessa Redgrave","Juno Temple","Benedict Cumberbatch","Harriet Walter","Alfie Allen"],"metascore":85},"P.S. I Love You":{"revenue":156835339,"release_date":"2007-12-21","poster":"/esfuYEvv7WrLvXNkCg7MCufEEdH.jpg","id":6023,"imdb":"tt0431308","cast":["Hilary Swank","Gerard Butler","Lisa Kudrow","Harry Connick, Jr.","Gina Gershon","Jeffrey Dean Morgan","Kathy Bates","James Marsters","Nellie McKay","Anne Kent"],"metascore":39},"Surf's Up":{"revenue":58867694,"release_date":"2007-06-08","poster":"/m10YPoakWovnKdxUcHIn29lfXHQ.jpg","id":9408,"imdb":"tt0423294","cast":["Shia LaBeouf","Jeff Bridges","Zooey Deschanel","Jon Heder","James Woods","Diedrich Bader","Mario Cantone","Kelly Slater","Rob Machado","Sal Masekela"],"metascore":64},"Resident Evil: Extinction":{"revenue":147418818,"release_date":"2007-09-21","poster":"/3sAiP55j0souKMCYlo5wmwWAgaG.jpg","id":7737,"imdb":"tt0432021","cast":["Milla Jovovich","Oded Fehr","Ali Larter","Iain Glen","Mike Epps","Ashanti","Chris Egan","Spencer Locke","Matthew Marsden","Linden Ashby"],"metascore":41},"Why Did I Get Married?":{"revenue":55184721,"release_date":"2007-10-12","poster":"/kL2r0Tzb25ODOIISJ6UnDJyQlcT.jpg","id":17202,"imdb":"tt0906108","cast":["Tyler Perry","Jill Scott","Janet Jackson","Michael Jai White","Malik Yoba","Sharon Leal","Richard T. Jones","Tasha Smith"],"metascore":54},"Sweeney Todd: The Demon Barber of Fleet Street":{"revenue":152000000,"release_date":"2007-12-20","poster":"/ltp5qmaHLtzDHHj42V2Uzk4yOrc.jpg","id":13885,"imdb":"tt0408236","cast":["Johnny Depp","Helena Bonham Carter","Alan Rickman","Timothy Spall","Sacha Baron Cohen","Jamie Campbell Bower","Jayne Wisener","Ed Sanders","Laura Michelle Kelly"],"metascore":83},"3:10 to Yuma":{"revenue":70016220,"release_date":"2007-09-07","poster":"/f3f8FyzHQOtYIwj6LeMUAVakwZb.jpg","id":5176,"imdb":"tt0381849","cast":["Russell Crowe","Christian Bale","Logan Lerman","Dallas Roberts","Peter Fonda","Gretchen Mol","Ben Foster","Alan Tudyk","Vinessa Shaw","Lennie Loftin"],"metascore":76},"The Dark Knight":{"revenue":1001921825,"release_date":"2008-07-18","poster":"/1hRoyzDtpgMU7Dz4JF22RANzQO7.jpg","id":155,"imdb":"tt0468569","cast":["Christian Bale","Heath Ledger","Aaron Eckhart","Michael Caine","Maggie Gyllenhaal","Gary Oldman","Morgan Freeman","Ron Dean","Cillian Murphy","Chin Han"],"metascore":82},"TMNT":{"revenue":91499098,"release_date":"2007-03-22","poster":"/4hGzZ2DAjdu6IjHT7dGfiVatHEu.jpg","id":1273,"imdb":"tt0453556","cast":["Laurence Fishburne","Chris Evans","Sarah Michelle Gellar","Mako Iwamatsu","Kevin Smith","Patrick Stewart","Zhang Ziyi","Mitchell Whitfield","James Arnold Taylor","Mikey Kelley"],"metascore":41},"WALL·E":{"revenue":521311860,"release_date":"2008-06-22","poster":"/4qOKgcDcB0SojUIg2syzor1FeL7.jpg","id":10681,"imdb":"tt0910970","cast":["Ben Burtt","Elissa Knight","Jeff Garlin","Fred Willard"],"metascore":94},"Michael Clayton":{"revenue":92991835,"release_date":"2007-10-12","poster":"/rcywkwx4oESbBwtA0D3PImqLorU.jpg","id":4566,"imdb":"tt0465538","cast":["George Clooney","Tom Wilkinson","Tilda Swinton","Sydney Pollack","Michael O'Keefe","Robert Prescott","Denis O'Hare","Julie White","Austin Williams","Jennifer Van Dyck"],"metascore":82},"Music and Lyrics":{"revenue":145896422,"release_date":"2007-02-09","poster":"/jhv9qSAuwGkzVj1pSnu3HQBb8Qe.jpg","id":11172,"imdb":"tt0758766","cast":["Drew Barrymore","Hugh Grant","Scott Porter","Brad Garrett","Haley Bennett","Nick Bacon","Andrew Wyatt","Dan McMillan","Tom Foligno","Zak Orth"],"metascore":59},"Mamma Mia!":{"revenue":602609487,"release_date":"2008-06-30","poster":"/husdvXT5x3TDrYBx9nTWGAMZKVY.jpg","id":11631,"imdb":"tt0795421","cast":["Meryl Streep","Pierce Brosnan","Amanda Seyfried","Colin Firth","Stellan Skarsgård","Julie Walters","Christine Baranski","Nancy Baldwin","Enzo Squillino, Jr."],"metascore":51},"Hancock":{"revenue":624029371,"release_date":"2008-07-01","poster":"/dsCxSr4w3g2ylhlZg3v5CB5Pid7.jpg","id":8960,"imdb":"tt0448157","cast":["Will Smith","Charlize Theron","Jason Bateman","Jae Head","Eddie Marsan","David Mattey","Thomas Lennon","Johnny Galecki","Hayley Marie Norman","Trieu Tran"],"metascore":49},"Twilight":{"revenue":408773703,"release_date":"2008-11-20","poster":"/nlvPMLCdum7bkHKmDSMnNLGztmW.jpg","id":8966,"imdb":"tt1099212","cast":["Kristen Stewart","Robert Pattinson","Billy Burke","Taylor Lautner","Peter Facinelli","Ashley Greene","Jackson Rathbone","Elizabeth Reaser","Kellan Lutz","Nikki Reed"],"metascore":56},"Iron Man":{"revenue":585174222,"release_date":"2008-05-01","poster":"/s2IG9qXfhJYxIttKyroYFBsHwzQ.jpg","id":1726,"imdb":"tt0371746","cast":["Robert Downey Jr.","Terrence Howard","Jeff Bridges","Gwyneth Paltrow","Leslie Bibb","Shaun Toub","Faran Tahir","Clark Gregg","Sayed Badreya","Bill Smitrovich"],"metascore":79},"Quantum of Solace":{"revenue":586090727,"release_date":"2008-10-30","poster":"/gXksXNwEk3h8tvSdhbsRp5GGJAk.jpg","id":10764,"imdb":"tt0830515","cast":["Daniel Craig","Olga Kurylenko","Mathieu Amalric","Judi Dench","Giancarlo Giannini","Gemma Arterton","Jeffrey Wright","David Harbour","Jesper Christensen","Anatole Taubman"],"metascore":58},"Kung Fu Panda":{"revenue":631744560,"release_date":"2008-06-05","poster":"/nhOMC1WJKAcX1rB9tMfwGyHNhom.jpg","id":9502,"imdb":"tt0441773","cast":["Jack Black","Dustin Hoffman","Angelina Jolie","Jackie Chan","Lucy Liu","David Cross","Randall Duk Kim","James Hong","Dan Fogler","Ian McShane"],"metascore":73},"The Chronicles of Narnia: Prince Caspian":{"revenue":419651413,"release_date":"2008-05-14","poster":"/kSSyzqw9C4wUggicG4D81XmptR1.jpg","id":2454,"imdb":"tt0499448","cast":["Ben Barnes","Georgie Henley","Skandar Keynes","William Moseley","Anna Popplewell","Sergio Castellitto","Alicia Borrachero","Peter Dinklage","Warwick Davis","Vincent Grass"],"metascore":62},"Indiana Jones and the Kingdom of the Crystal Skull":{"revenue":786636033,"release_date":"2008-05-22","poster":"/6Lv49E0aEusW9vKEMgQgLdetlmO.jpg","id":217,"imdb":"tt0367882","cast":["Harrison Ford","Cate Blanchett","Shia LaBeouf","Ray Winstone","Karen Allen","John Hurt","Jim Broadbent","Andrew Divoff","Igor Jijikine","Pavel Lychnikoff"],"metascore":65},"Horton Hears a Who!":{"revenue":297138014,"release_date":"2008-03-03","poster":"/rcRoduyCzOA0orAS9By8w9gTxy8.jpg","id":12222,"imdb":"tt0451079","cast":["Jim Carrey","Steve Carell","Carol Burnett","Seth Rogen","Will Arnett","Dan Fogler","Isla Fisher","Jonah Hill","Amy Poehler","Jaime Pressly"],"metascore":71},"Gran Torino":{"revenue":269958228,"release_date":"2008-12-11","poster":"/9ip2LgCyVMdovhJqY4mttTWfyo6.jpg","id":13223,"imdb":"tt1205489","cast":["Clint Eastwood","Cory Hardrict","John Carroll Lynch","Geraldine Hughes","Brian Haley","Dreama Walker","Doua Moua","Brian Howe","Sarah Neubauer","Lee Mong Vang"],"metascore":72},"Wanted":{"revenue":258270008,"release_date":"2008-06-26","poster":"/mUrkppyahzk6koYFekxeu0tmcPd.jpg","id":8909,"imdb":"tt0493464","cast":["Angelina Jolie","James McAvoy","Morgan Freeman","Thomas Kretschmann","Terence Stamp","Common","Marc Warren","Kristen Hager","David O'Hara","Konstantin Khabenskiy"],"metascore":64},"Madagascar: Escape 2 Africa":{"revenue":603900344,"release_date":"2008-11-06","poster":"/9mohxwknsHcwFBSAAhoQXwFV5zn.jpg","id":10527,"imdb":"tt0479952","cast":["Ben Stiller","Jada Pinkett Smith","David Schwimmer","Chris Rock","Cedric the Entertainer","Andy Richter","Bernie Mac","Alec Baldwin","Sacha Baron Cohen","Sherri Shepherd"],"metascore":61},"Marley & Me":{"revenue":143153751,"release_date":"2008-12-25","poster":"/rArV0zJfHYwpLuaMmswhpDShrSo.jpg","id":14306,"imdb":"tt0822832","cast":["Owen Wilson","Jennifer Aniston","Eric Dane","Kathleen Turner","Alan Arkin","Nathan Gamble","Haley Bennett","Ann Dowd","Clarke Peters","Finley Jacobsen"],"metascore":53},"The Curious Case of Benjamin Button":{"revenue":333932083,"release_date":"2008-11-24","poster":"/4O4INOPtWTfHq3dd5vYTPV0TCwa.jpg","id":4922,"imdb":"tt0421715","cast":["Cate Blanchett","Brad Pitt","Tilda Swinton","Elle Fanning","Jason Flemyng","Elias Koteas","Julia Ormond","Taraji P. Henson","Bianca Chiminello","Josh Stewart"],"metascore":70},"Eagle Eye":{"revenue":177995103,"release_date":"2008-09-25","poster":"/lgK2D8xSK9Waus05sT3mAgnwkaJ.jpg","id":13027,"imdb":"tt1059786","cast":["Shia LaBeouf","Michelle Monaghan","Rosario Dawson","Michael Chiklis","Anthony Mackie","Billy Bob Thornton","Ethan Embry","Anthony Azizi","Cameron Boyce","Lynn Cohen"],"metascore":43},"Slumdog Millionaire":{"revenue":377910544,"release_date":"2008-11-12","poster":"/ojgf8iJpS4VX6jJfWGLpuEx0wm.jpg","id":12405,"imdb":"tt1010048","cast":["Anil Kapoor","Mia Drake Inderbitzin","Dev Patel","Saurabh Shukla","Rajendranath Zutshi","Jeneva Talwar","Freida Pinto","Irrfan Khan","Ayush Mahesh Khedekar","Mahesh Manjrekar"],"metascore":86},"The Incredible Hulk":{"revenue":163712074,"release_date":"2008-06-12","poster":"/qTghl3lO8PhmIxkf8eN5WQQefHI.jpg","id":1724,"imdb":"tt0800080","cast":["Edward Norton","Liv Tyler","Tim Roth","William Hurt","Tim Blake Nelson","Christina Cabot","Ty Burrell","Peter Mensah","Lou Ferrigno","Débora Nascimento"],"metascore":61},"Get Smart":{"revenue":230685453,"release_date":"2008-06-19","poster":"/3qRXuUkYcCs6KmU3phLGJzR7MKl.jpg","id":11665,"imdb":"tt0425061","cast":["Steve Carell","Anne Hathaway","Dwayne Johnson","Alan Arkin","Terence Stamp","Terry Crews","David Koechner","James Caan","Bill Murray","Patrick Warburton"],"metascore":54},"Journey to the Center of the Earth":{"revenue":101702060,"release_date":"2008-07-11","poster":"/ApuCppLxFVm8B1NRecs0L8ej4Tj.jpg","id":88751,"imdb":"tt0373051","cast":["Brendan Fraser","Josh Hutcherson","Anita Briem","Seth Meyers","Jean Michel Paré","Jane Wheeler","Frank Fontaine","Giancarlo Caltabiano","Kaniehtiio Horn","Garth Gilker"],"metascore":57},"Yes Man":{"revenue":225990978,"release_date":"2008-12-19","poster":"/jyRNBHujqejtklxVNYZAj91rQRs.jpg","id":10201,"imdb":"tt1068680","cast":["Jim Carrey","Zooey Deschanel","Rhys Darby","Sasha Alexander","Fionnula Flanagan","Luis Guzmán","Danny Masterson","Molly Sims","Bradley Cooper","John Michael Higgins"],"metascore":46},"Bolt":{"revenue":308332675,"release_date":"2008-11-21","poster":"/k8Nsyj9BC9XKO4TqD1qt8Ks6bvc.jpg","id":13053,"imdb":"tt0397892","cast":["John Travolta","Miley Cyrus","Susie Essman","Mark Walton","Malcolm McDowell","James Lipton","Greg Germann","Diedrich Bader","Nick Swardson","J.P. Manoux"],"metascore":67},"Bedtime Stories":{"revenue":212425000,"release_date":"2008-12-25","poster":"/nhovvB0LO5nlgIvpPg2C1iLLAvr.jpg","id":10202,"imdb":"tt0960731","cast":["Adam Sandler","Keri Russell","Guy Pearce","Courteney Cox","Lucy Lawless","Teresa Palmer","Russell Brand","Aisha Tyler","Kathryn Joosten","Carmen Electra"],"metascore":33},"Step Brothers":{"revenue":128107642,"release_date":"2008-07-25","poster":"/tDFNUuYkQ4ZeAlrBHeTtimAumXo.jpg","id":12133,"imdb":"tt0838283","cast":["Will Ferrell","John C. Reilly","Mary Steenburgen","Richard Jenkins","Adam Scott","Kathryn Hahn","Andrea Savage","Rob Riggle","Seth Rogen","Logan Manus"],"metascore":51},"The Mummy: Tomb of the Dragon Emperor":{"revenue":401128639,"release_date":"2008-07-31","poster":"/53hrZvxiV3HgG6pdhuMeErIc7Hg.jpg","id":1735,"imdb":"tt0859163","cast":["Brendan Fraser","Jet Li","John Hannah","Maria Bello","Luke Ford","Michelle Yeoh","Isabella Leong","Anthony Wong","Russell Wong","Liam Cunningham"],"metascore":31},"Tropic Thunder":{"revenue":188072649,"release_date":"2008-08-13","poster":"/ue9QdvhpcNPvKQyLY5a5Pd0tagS.jpg","id":7446,"imdb":"tt0942385","cast":["Ben Stiller","Robert Downey Jr.","Jack Black","Steve Coogan","Jay Baruchel","Bill Hader","Rachel Avery","Brandon T. Jackson","Nick Nolte","Tom Cruise"],"metascore":71},"Valkyrie":{"revenue":200276000,"release_date":"2008-12-25","poster":"/54GgkO63zZyJJb5Fk2CKvNIoUvr.jpg","id":2253,"imdb":"tt0985699","cast":["Tom Cruise","Carice van Houten","Kenneth Branagh","Eddie Izzard","Bill Nighy","Tom Wilkinson","David Bamber","Thomas Kretschmann","David Schofield","Kevin McNally"],"metascore":56},"Beverly Hills Chihuahua":{"revenue":134523040,"release_date":"2008-10-03","poster":"/ptFNmPtf9CLOj0Jdm9k97xbcLIc.jpg","id":14405,"imdb":"tt1014775","cast":["Drew Barrymore","Piper Perabo","Andy García","George Lopez","Paul Rodríguez","Plácido Domingo","Edward James Olmos","Loretta Devine","Jamie Lee Curtis","Luis Guzmán"],"metascore":41},"10,000 BC":{"revenue":266000000,"release_date":"2008-03-05","poster":"/rnGR3EHkL4ryhQd50XBrtRrV8nq.jpg","id":7840,"imdb":"tt0443649","cast":["Steven Strait","Camilla Belle","Cliff Curtis","Nathanael Baring","Mo Zinal","Affif Ben Badra","Mona Hammond","Marco Khan","Reece Ritchie","Joel Fry"],"metascore":34},"Cloverfield":{"revenue":170764026,"release_date":"2008-01-15","poster":"/as01o40tJ2FhtheqeXf7bVZ0EQO.jpg","id":7191,"imdb":"tt1060277","cast":["Lizzy Caplan","Jessica Lucas","Odette Annable","Michael Stahl-David","Mike Vogel","T. J. Miller","Anjul Nigam","Margot Farley","Theo Rossi","Brian Klugman"],"metascore":64},"You Don't Mess With the Zohan":{"revenue":201596308,"release_date":"2008-06-04","poster":"/3n9FYKLJVqwrZ7Wf96eoF2cAowU.jpg","id":10661,"imdb":"tt0960144","cast":["Adam Sandler","John Turturro","Emmanuelle Chriqui","Nick Swardson","Lainie Kazan","Daoud Heidami","Dave Matthews","Charlotte Rae","Michael Buffer","Rob Schneider"],"metascore":54},"The Day the Earth Stood Still":{"revenue":230831978,"release_date":"2008-12-12","poster":"/7fNFk4EAGbuRFqrSJprgXEIX5Za.jpg","id":10200,"imdb":"tt0970416","cast":["Keanu Reeves","Jennifer Connelly","Mousa Kraish","Shaine Jones","Jaden Smith","Jon Hamm","James Hong","Kathy Bates","John Cleese","Kyle Chandler"],"metascore":40},"27 Dresses":{"revenue":160300000,"release_date":"2008-01-10","poster":"/ausIGc4Mm7eHCRaqI197EmWWv7Q.jpg","id":6557,"imdb":"tt0988595","cast":["Katherine Heigl","James Marsden","Malin Akerman","Judy Greer","Edward Burns","Brian Kerwin","Michael Ziegfeld","Melora Hardin","David Castro","Peyton List"],"metascore":47},"Pineapple Express":{"revenue":42431017,"release_date":"2008-08-06","poster":"/scEvOPl6ZJctQVnRWHvq0pP0DkM.jpg","id":10189,"imdb":"tt0910936","cast":["Seth Rogen","James Franco","Danny McBride","Kevin Corrigan","Gary Cole","Rosie Perez","Amber Heard","Adam Crosby","Dana Lee","Brian Scannell"],"metascore":64},"What Happens in Vegas":{"revenue":170000000,"release_date":"2008-04-22","poster":"/NWQmNdQwm7blsBNSdpWIfqkGte.jpg","id":9029,"imdb":"tt1033643","cast":["Ashton Kutcher","Cameron Diaz","Lake Bell","Queen Latifah","Treat Williams","Michelle Krusiec","Dennis Miller","Dennis Farina","Jason Sudeikis","Zach Galifianakis"],"metascore":36},"Forgetting Sarah Marshall":{"revenue":105173115,"release_date":"2008-04-17","poster":"/rAXlZmQ3gg4mScySg1kvs0ZLdCb.jpg","id":9870,"imdb":"tt0800039","cast":["Jason Segel","Kristen Bell","Mila Kunis","Russell Brand","Bill Hader","Paul Rudd","Jack McBrayer","Jonah Hill","Carla Gallo","Kristen Wiig"],"metascore":67},"Hellboy II: The Golden Army":{"revenue":141295053,"release_date":"2008-07-10","poster":"/mkIjwT0uY5KRPHnEX74JOaLq35m.jpg","id":11253,"imdb":"tt0411477","cast":["Ron Perlman","Selma Blair","Jeffrey Tambor","Doug Jones","John Hurt","Luke Goss","John Alexander","James Dodd","Seth MacFarlane","Anna Walton"],"metascore":78},"The Happening":{"revenue":163403799,"release_date":"2008-06-13","poster":"/xOhOKzLMYX2oHAl39Mop30QeFv7.jpg","id":8645,"imdb":"tt0949731","cast":["Mark Wahlberg","Zooey Deschanel","John Leguizamo","Spencer Breslin","Betty Buckley","Ashlyn Sanchez","Robert Bailey Jr.","Frank Collison","Jeremy Strong","Alan Ruck"],"metascore":34},"Role Models":{"revenue":92380927,"release_date":"2008-11-07","poster":"/bq6wxu0rv1GIkEwslBT2rVgLkxe.jpg","id":15373,"imdb":"tt0430922","cast":["Seann William Scott","Paul Rudd","Elizabeth Banks","Christopher Mintz-Plasse","Bobb'e J. Thompson","Jane Lynch","Ken Jeong","Amanda Righetti","Joe Lo Truglio","Ken Marino"],"metascore":60},"The Spiderwick Chronicles":{"revenue":162839667,"release_date":"2008-02-14","poster":"/nSLjsBDzwsIpQL534CNfAKidyAm.jpg","id":8204,"imdb":"tt0416236","cast":["Freddie Highmore","Sarah Bolger","Nick Nolte","Mary-Louise Parker","David Strathairn","Martin Short","Andrew McCarthy","Joan Plowright","Jordy Benattar","Tod Fennell"],"metascore":62},"Jumper":{"revenue":183802228,"release_date":"2008-02-10","poster":"/mIz6FQabZrrzsOwYFpUpreijpvx.jpg","id":8247,"imdb":"tt0489099","cast":["Hayden Christensen","Samuel L. Jackson","Rachel Bilson","Jamie Bell","Diane Lane","Michael Rooker","Max Thieriot","AnnaSophia Robb","Kristen Stewart","Jesse James"],"metascore":35},"Seven Pounds":{"revenue":168167691,"release_date":"2008-12-18","poster":"/mX8SsTw2uApc02W8SBIKeprcWr1.jpg","id":11321,"imdb":"tt0814314","cast":["Will Smith","Rosario Dawson","Sarah Jane Morris","Woody Harrelson","Michael Ealy","Connor Cruise","Barry Pepper","Elpidia Carrillo","Robinne Lee","Joe Nunez"],"metascore":36},"Step Up 2: The Streets":{"revenue":58017783,"release_date":"2008-02-14","poster":"/tyu7ur3jm92is2vejSoqyOxjev6.jpg","id":8328,"imdb":"tt1023481","cast":["Briana Evigan","Robert Hoffman","Will Kemp","Cassie Ventura","Adam G. Sevani","Danielle Polanco","Telisha Shaw","Black Thomas","Mari Koda","Harry Shum Jr."],"metascore":50},"Avatar":{"revenue":2781505847,"release_date":"2009-12-18","poster":"/tcqb9NHdw9SWs2a88KCDD4V8sVR.jpg","id":19995,"imdb":"tt0499549","cast":["Sam Worthington","Zoe Saldana","Sigourney Weaver","Stephen Lang","Michelle Rodriguez","Giovanni Ribisi","Joel David Moore","C. C. H. Pounder","Wes Studi","Laz Alonso"],"metascore":83},"Saw V":{"revenue":113857533,"release_date":"2008-10-24","poster":"/AkfY99GJjnsuOpIaQlFzCsv5pBl.jpg","id":11917,"imdb":"tt1132626","cast":["Julie Benz","Meagan Good","Shawnee Smith","Tobin Bell","Mark Rolston"],"metascore":20},"Transformers: Revenge of the Fallen":{"revenue":836297228,"release_date":"2009-06-23","poster":"/kVISXAXDYhjQCfu50QZeCCzzbPv.jpg","id":8373,"imdb":"tt1055369","cast":["Shia LaBeouf","Megan Fox","Josh Duhamel","Rainn Wilson","Tyrese Gibson","John Turturro","Kevin Dunn","Julie White","Ramón Rodríguez","Isabel Lucas"],"metascore":35},"Baby Mama":{"revenue":63833449,"release_date":"2008-04-23","poster":"/8YFiUegDjZPuNF1qdENDkcWfXPx.jpg","id":8780,"imdb":"tt0871426","cast":["Tina Fey","Amy Poehler","Dax Shepard","Sigourney Weaver","Greg Kinnear","Steve Martin","Romany Malco","Maura Tierney","Will Forte","Fred Armisen"],"metascore":55},"The Strangers":{"revenue":52597610,"release_date":"2008-05-29","poster":"/pZwTosOfiB9hGvXvPg9fpoOqKmp.jpg","id":10665,"imdb":"tt0482606","cast":["Liv Tyler","Scott Speedman","Alex Fisher","Peter Clayton-Luce","Gemma Ward","Kip Weeks","Laura Margolis","Glenn Howerton"],"metascore":47},"Harry Potter and the Half-Blood Prince":{"revenue":933959197,"release_date":"2009-07-07","poster":"/bFXys2nhALwDvpkF3dP3Vvdfn8b.jpg","id":767,"imdb":"tt0417741","cast":["Daniel Radcliffe","Rupert Grint","Emma Watson","Tom Felton","Julie Walters","Jim Broadbent","Elarica Gallacher","Robbie Coltrane","Michael Gambon","Maggie Smith"],"metascore":78},"Burn After Reading":{"revenue":163720069,"release_date":"2008-09-12","poster":"/v8TXYDzCe9YRamiXMIUdksG8Hpy.jpg","id":4944,"imdb":"tt0887883","cast":["George Clooney","Frances McDormand","Tilda Swinton","Brad Pitt","Richard Jenkins","J.K. Simmons","John Malkovich","Elizabeth Marvel","David Rasche","Olek Krupa"],"metascore":63},"Sherlock Holmes":{"revenue":524028679,"release_date":"2009-12-25","poster":"/22ngurXbLqab7Sko6aTSdwOCe5W.jpg","id":10528,"imdb":"tt0988045","cast":["Robert Downey Jr.","Jude Law","Rachel McAdams","Mark Strong","Eddie Marsan","Robert Maillet","Geraldine James","Kelly Reilly","William Houston","Hans Matheson"],"metascore":57},"Star Trek":{"revenue":385680446,"release_date":"2009-05-07","poster":"/vZnA7a6HitQ793rnzhjoLelE2NA.jpg","id":13475,"imdb":"tt0796366","cast":["Chris Pine","Zachary Quinto","Leonard Nimoy","Eric Bana","Bruce Greenwood","Karl Urban","Zoe Saldana","Simon Pegg","John Cho","Anton Yelchin"],"metascore":83},"The Hangover":{"revenue":459270619,"release_date":"2009-06-05","poster":"/eshEkiG7NmU4ekA8CtpIdYiYufZ.jpg","id":18785,"imdb":"tt1119646","cast":["Bradley Cooper","Ed Helms","Zach Galifianakis","Justin Bartha","Heather Graham","Sasha Barrese","Jeffrey Tambor","Ken Jeong","Rachael Harris","Mike Tyson"],"metascore":73},"The Twilight Saga: New Moon":{"revenue":709710948,"release_date":"2009-11-20","poster":"/6Q5Eob5giTtwzKfkYDzJXW3cFKf.jpg","id":18239,"imdb":"tt1259571","cast":["Kristen Stewart","Robert Pattinson","Taylor Lautner","Billy Burke","Ashley Greene","Jackson Rathbone","Peter Facinelli","Elizabeth Reaser","Kellan Lutz","Nikki Reed"],"metascore":44},"Up":{"revenue":731342744,"release_date":"2009-09-30","poster":"/zh9DXJhBdHVVaWiDURTipADamcK.jpg","id":14160,"imdb":"tt1049413","cast":["Edward Asner","Christopher Plummer","Jordan Nagai","Bob Peterson","Delroy Lindo","Jerome Ranft","John Ratzenberger","David Kaye","Elie Docter","Jeremy Leary"],"metascore":88},"X-Men Origins: Wolverine":{"revenue":341131793,"release_date":"2009-04-30","poster":"/vbaV7DalSF6Uy4qLyVK7uNdtmFy.jpg","id":2080,"imdb":"tt0458525","cast":["Hugh Jackman","Liev Schreiber","Danny Huston","Will.i.am","Lynn Collins","Kevin Durand","Dominic Monaghan","Taylor Kitsch","Daniel Henney","Ryan Reynolds"],"metascore":40},"Taken":{"revenue":226830568,"release_date":"2008-09-25","poster":"/q2ufZ5zgbyvwSVR9J5wR6nEAEyy.jpg","id":8681,"imdb":"tt0936501","cast":["Liam Neeson","Famke Janssen","Maggie Grace","Katie Cassidy","Holly Valance","Xander Berkeley","Olivier Rabourdin","Leland Orser","Jon Gries","Camille Japy"],"metascore":50},"The Blind Side":{"revenue":460638228,"release_date":"2009-11-20","poster":"/wEGFSgPebLk6g1ngKsJ6a46PYLV.jpg","id":22881,"imdb":"tt0878804","cast":["Sandra Bullock","Quinton Aaron","Kathy Bates","Tim McGraw","Jae Head","Lily Collins","Ray McKinnon","Kim Dickens","Adriane Lenox","Catherine Dyer"],"metascore":53},"Alvin and the Chipmunks: The Squeakquel":{"revenue":442012000,"release_date":"2009-12-23","poster":"/1vfj6gsWDXYmIgjA9FphmvRKnJj.jpg","id":23398,"imdb":"tt1231580","cast":["Zachary Levi","David Cross","Jason Lee","Justin Long","Matthew Gray Gubler","Jesse McCartney","Amy Poehler","Anna Faris","Christina Applegate","Wendie Malick"],"metascore":41},"The Proposal":{"revenue":317375031,"release_date":"2009-06-01","poster":"/xippClkb4VCE15uva13SAGf8Vsd.jpg","id":18240,"imdb":"tt1041829","cast":["Sandra Bullock","Ryan Reynolds","Mary Steenburgen","Craig T. Nelson","Betty White","Denis O'Hare","Malin Akerman","Oscar Nunez","Aasif Mandvi","Michael Nouri"],"metascore":48},"Monsters vs Aliens":{"revenue":381509870,"release_date":"2009-03-26","poster":"/8x0WrDcFQDC2eoXJe6iC34wXZE8.jpg","id":15512,"imdb":"tt0892782","cast":["Seth Rogen","Reese Witherspoon","Hugh Laurie","Paul Rudd","Kiefer Sutherland","Rainn Wilson","Will Arnett","Stephen Colbert","Jimmy Kimmel","Julie White"],"metascore":56},"Ice Age: Dawn of the Dinosaurs":{"revenue":196573705,"release_date":"2009-07-01","poster":"/rpOsyVK8cvZbjoIxn0OGY37Im5V.jpg","id":8355,"imdb":"tt1080016","cast":["Ray Romano","John Leguizamo","Denis Leary","Queen Latifah","Simon Pegg","Seann William Scott","Regan Mizrahi","Karen Disher","Chris Wedge","Kristen Wiig"],"metascore":50},"Terminator Salvation":{"revenue":280610053,"release_date":"2009-05-20","poster":"/hxDfhavtxA2Ayx7O9BsQMcZRdG0.jpg","id":534,"imdb":"tt0438488","cast":["Christian Bale","Sam Worthington","Anton Yelchin","Moon Bloodgood","Bryce Dallas Howard","Helena Bonham Carter","Common","Roland Kickinger","Michael Ironside","Jane Alexander"],"metascore":52},"Night at the Museum: Battle of the Smithsonian":{"revenue":177243721,"release_date":"2009-05-21","poster":"/zipkf9QcSl7xiNc66X4jZtKSrAI.jpg","id":18360,"imdb":"tt1078912","cast":["Ben Stiller","Amy Adams","Owen Wilson","Hank Azaria","Robin Williams","Christopher Guest","Steve Coogan","Ricky Gervais","Bill Hader","Jon Bernthal"],"metascore":42},"A Christmas Carol":{"revenue":325233863,"release_date":"2009-11-06","poster":"/m1cZT78mldTUyVMyedWLx7saRrL.jpg","id":17979,"imdb":"tt1067106","cast":["Gary Oldman","Jim Carrey","Steve Valentine","Daryl Sabara","Sage Ryan","Amber Gainey Meade","Ryan Ochoa","Bobbi Page","Ron Bottitta","Sammi Hanratty"],"metascore":55},"G.I. Joe: The Rise of Cobra":{"revenue":302469017,"release_date":"2009-08-06","poster":"/29eW5c5DaCFQejdt9V14RrA51yD.jpg","id":14869,"imdb":"tt1046173","cast":["Dennis Quaid","Channing Tatum","Marlon Wayans","Sienna Miller","Joseph Gordon-Levitt","Saïd Taghmaoui","Christopher Eccleston","Adewale Akinnuoye-Agbaje","Lee Byung-hun","Rachel Nichols"],"metascore":32},"Paul Blart: Mall Cop":{"revenue":122517153,"release_date":"2009-01-15","poster":"/iQpC6Yia7LpwjYlmHkeyEOeG9w2.jpg","id":14560,"imdb":"tt1114740","cast":["Kevin James","Keir O'Donnell","Jayma Mays","Raini Rodriguez","Shirley Knight","Stephen Rannazzisi","Peter Gerety","Bobby Cannavale","Adam Ferrara","Jamal Mixon"],"metascore":39},"Fast & Furious":{"revenue":363164265,"release_date":"2009-03-11","poster":"/ft8IqAGFs3V7i87z0t0EVRUjK1p.jpg","id":13804,"imdb":"tt1013752","cast":["Vin Diesel","Paul Walker","Michelle Rodriguez","Jordana Brewster","John Ortiz","Laz Alonso","Gal Gadot","Jack Conley","Shea Whigham","Liza Lapira"],"metascore":45},"It's Complicated":{"revenue":219069702,"release_date":"2009-12-25","poster":"/foHRwmVZG7m0XMDq15wRuNoKca6.jpg","id":22897,"imdb":"tt1230414","cast":["Meryl Streep","Alec Baldwin","Steve Martin","Lake Bell","Mary Kay Place","John Krasinski","Rita Wilson","Alexandra Wentworth","Hunter Parrish","Zoe Kazan"],"metascore":57},"The Princess and the Frog":{"revenue":104400899,"release_date":"2009-12-10","poster":"/lrywkaTFySJFW3U9p58IjR2Ge4A.jpg","id":10198,"imdb":"tt0780521","cast":["Anika Noni Rose","Bruno Campos","Keith David","Michael-Leon Wooley","Jennifer Cody","Jim Cummings","Jenifer Lewis","Oprah Winfrey","Terrence Howard","John Goodman"],"metascore":73},"Inglourious Basterds":{"revenue":319131050,"release_date":"2009-08-21","poster":"/keAMrS08NxKvMxh8GRDhS9UCph4.jpg","id":16869,"imdb":"tt0361748","cast":["Brad Pitt","Christoph Waltz","Mélanie Laurent","Diane Kruger","Mike Myers","Michael Fassbender","Samuel L. Jackson","Eli Roth","Til Schweiger","B. J. Novak"],"metascore":69},"District 9":{"revenue":204837324,"release_date":"2009-08-14","poster":"/axFmCRNQsW6Bto8XuJKo08MPPV5.jpg","id":17654,"imdb":"tt1136608","cast":["Sharlto Copley","Jason Cope","Nathalie Boltt","Sylvaine Strike","Elizabeth Mkandawie","John Sumner","William Allen Young","Nick Blake","Greg Melvill-Smith","Robert Hobbs"],"metascore":81},"Angels & Demons":{"revenue":356613439,"release_date":"2009-05-15","poster":"/grN4lETrHNejatQZFP2F2DAWMU4.jpg","id":13448,"imdb":"tt0808151","cast":["Tom Hanks","Ewan McGregor","Ayelet Zurer","Stellan Skarsgård","Pierfrancesco Favino","Nikolaj Lie Kaas","Armin Mueller-Stahl","Thure Lindhardt","David Pasquesi","Cosimo Fusco"],"metascore":48},"Public Enemies":{"revenue":214104620,"release_date":"2009-07-01","poster":"/zcHgW9WvtM6s7VxDXAZAoNJYlz6.jpg","id":11322,"imdb":"tt1152836","cast":["Christian Bale","Johnny Depp","Giovanni Ribisi","Billy Crudup","Emilie de Ravin","Channing Tatum","Marion Cotillard","Leelee Sobieski","Domenick Lombardozzi","Stephen Lang"],"metascore":70},"Cloudy with a Chance of Meatballs":{"revenue":242988466,"release_date":"2009-09-16","poster":"/75QV0rNm6QHpMnpIGrZK0ev08rH.jpg","id":22794,"imdb":"tt0844471","cast":["Bill Hader","Anna Faris","James Caan","Mr. T","Benjamin Bratt","Bruce Campbell","Neil Patrick Harris","Al Roker","Lauren Graham","Andy Samberg"],"metascore":66},"Couples Retreat":{"revenue":171844840,"release_date":"2009-10-09","poster":"/6mdsH9XA2u4jnVKwWlKE1Mg2OQM.jpg","id":19899,"imdb":"tt1078940","cast":["Vince Vaughn","Malin Akerman","Jason Bateman","Kristen Bell","Jon Favreau","Ken Jeong","Kristin Davis","John Michael Higgins","Tasha Smith","Faizon Love"],"metascore":23},"Paranormal Activity":{"revenue":193355800,"release_date":"2007-10-14","poster":"/zwXqGpWZHD5sgntcChRUFhS90Dl.jpg","id":23827,"imdb":"tt1179904","cast":["Katie Featherston","Micah Sloat","Mark Fredrichs","Amber Armstrong","Ashley Palmer"],"metascore":68},"Up in the Air":{"revenue":163670000,"release_date":"2009-09-05","poster":"/mlH82Vp7U6sKTS0Rqm4ZU61CypY.jpg","id":22947,"imdb":"tt1193138","cast":["George Clooney","Vera Farmiga","Anna Kendrick","Jason Bateman","Melanie Lynskey","Sam Elliott","Amy Morton","J.K. Simmons","Danny McBride"],"metascore":83},"Madea Goes to Jail":{"revenue":90508336,"release_date":"2009-02-16","poster":"/Av0P6YE2EQudQb0Js4DL9tm8leX.jpg","id":15670,"imdb":"tt1142800","cast":["Tyler Perry","Derek Luke","Keshia Knight Pulliam","Ion Overman","Sofía Vergara","Viola Davis","Vanessa Ferlito","David Mann","Tamela Mann","RonReaco Lee"],"metascore":50},"He's Just Not That Into You":{"revenue":177259441,"release_date":"2009-02-06","poster":"/PsJ4XddymZ1RglzPg2wWrgYjb1.jpg","id":10184,"imdb":"tt1001508","cast":["Jennifer Aniston","Jennifer Connelly","Drew Barrymore","Ginnifer Goodwin","Ben Affleck","Kevin Connolly","Bradley Cooper","Scarlett Johansson","Kris Kristofferson","Justin Long"],"metascore":47},"Watchmen":{"revenue":182735282,"release_date":"2009-03-06","poster":"/1QqwJBv5a6ddgzaT6cLytJioyrJ.jpg","id":13183,"imdb":"tt0409459","cast":["Malin Akerman","Billy Crudup","Carla Gugino","Jeffrey Dean Morgan","Patrick Wilson","Jackie Earle Haley","Matthew Goode","Matt Frewer","Stephen McHattie","Laura Mennell"],"metascore":56},"Knowing":{"revenue":155446362,"release_date":"2009-03-20","poster":"/xEVriTTbxSSCJaPPdDSkDVs4qgv.jpg","id":13811,"imdb":"tt0448011","cast":["Nicolas Cage","Rose Byrne","Chandler Canterbury","Ben Mendelsohn","Nadia Townsend","D.G. Maloney","Lara Robinson","Alan Hopgood","Adrienne Pickering","Joshua Long"],"metascore":41},"Where the Wild Things Are":{"revenue":99771364,"release_date":"2009-10-16","poster":"/h6obMSAV3yi5TL3Srh8tiXpre1a.jpg","id":16523,"imdb":"tt0386117","cast":["Catherine Keener","Max Records","Lauren Ambrose","James Gandolfini","Catherine O'Hara","Forest Whitaker","Mark Ruffalo","Pepita Emmerichs","Max Pfeiffer","Madeleine Greaves"],"metascore":71},"The Ugly Truth":{"revenue":205298907,"release_date":"2009-07-24","poster":"/xbIEfRy1qLYyChHc3cqaYLIWdVS.jpg","id":20943,"imdb":"tt1142988","cast":["Katherine Heigl","Gerard Butler","Eric Winter","Bree Turner","Nick Searcy","Jesse D. Goins","Cheryl Hines","John Michael Higgins","Noah Matthews","Bonnie Somerville"],"metascore":28},"Hannah Montana: The Movie":{"revenue":124013487,"release_date":"2009-04-10","poster":"/cYCIdMIqCHHJoWeExVOxjfdDxa8.jpg","id":18126,"imdb":"tt1114677","cast":["Miley Cyrus","Billy Ray Cyrus","Emily Osment","Jason Earles","Taylor Swift","Lucas Till","Mitchel Musso","Moisés Arias","Vanessa Williams","Margo Martindale"],"metascore":47},"Hotel for Dogs":{"revenue":73034460,"release_date":"2009-01-16","poster":"/l8bidcFpDFrAUDM9QL8FdsLGgk2.jpg","id":15189,"imdb":"tt0785006","cast":["Emma Roberts","Jake T. Austin","Don Cheadle","Johnny Simmons","Kyla Pratt","Robinne Lee","Troy Gentile","Lisa Kudrow","Kevin Dillon","Ajay Naidu"],"metascore":51},"The Taking of Pelham 123":{"revenue":59022510,"release_date":"2009-06-11","poster":"/rqbG1uRKSNDLnDx1Jl7LBc4AtSy.jpg","id":18487,"imdb":"tt1111422","cast":["Denzel Washington","John Travolta","Luis Guzmán","Victor Gojcaj","John Turturro","James Gandolfini","Michael Rispoli","Ramón Rodríguez","Chance Kelly"],"metascore":55},"Zombieland":{"revenue":102391382,"release_date":"2009-10-08","poster":"/bxE6ZlcscK9v5VFyLDUidXby8JB.jpg","id":19908,"imdb":"tt1156398","cast":["Woody Harrelson","Jesse Eisenberg","Emma Stone","Abigail Breslin","Bill Murray","Amber Heard","Derek Graf"],"metascore":73},"Coraline":{"revenue":124596398,"release_date":"2009-02-06","poster":"/8jaUbPhsi5ys5DTXpE3R4GVsAnU.jpg","id":14836,"imdb":"tt0327597","cast":["Dakota Fanning","Teri Hatcher","Jennifer Saunders","Dawn French","Keith David","John Hodgman","Robert Bailey Jr.","Ian McShane"],"metascore":80},"I Love You, Man":{"revenue":71636986,"release_date":"2009-03-20","poster":"/bIW8xqbWnEylKcx8EJdpIMSmygw.jpg","id":16538,"imdb":"tt1155056","cast":["Paul Rudd","Rashida Jones","Jason Segel","Sarah Burns","Greg Levine","Jaime Pressly","Jon Favreau","Jane Curtin","J.K. Simmons","Jean Villepique","Rob Huebel"],"metascore":70},"Race to Witch Mountain":{"revenue":106303988,"release_date":"2009-03-12","poster":"/aMDxQEZvFqLf5fZEVBLvhYvqZQ1.jpg","id":13836,"imdb":"tt1075417","cast":["Dwayne Johnson","AnnaSophia Robb","Alexander Ludwig","Carla Gugino","Chris Marquette","Kim Richards","Meredith Salenger","Ciarán Hinds","Tom Everett Scott","Billy Brown"],"metascore":52},"The Final Destination":{"revenue":152607514,"release_date":"2009-08-28","poster":"/qQ6IvrEDe5OutlYs1xRQby9gcZE.jpg","id":19912,"imdb":"tt1144884","cast":["Bobby Campo","Shantel VanSanten","Nick Zano","Haley Webb","Krista Allen","Andrew Fiscella","Justin Welborn","Stephanie Honoré","Lara Grice","Jackson Walker"],"metascore":30},"17 Again":{"revenue":136267476,"release_date":"2009-04-17","poster":"/gRNwu8GRqfTuRycShxmxvulagAj.jpg","id":16996,"imdb":"tt0974661","cast":["Zac Efron","Leslie Mann","Matthew Perry","Tyler Steelman","Allison Miller","Michelle Trachtenberg","Sterling Knight","Thomas Lennon","Katerina Graham"],"metascore":48},"Friday the 13th":{"revenue":91000000,"release_date":"2009-02-13","poster":"/y1S4bKk8cQphRBJliUikL3Jpv27.jpg","id":13207,"imdb":"tt0758746","cast":["Derek Mears","Jared Padalecki","Danielle Panabaker","Amanda Righetti","Travis Van Winkle","Aaron Yoo","Jonathan Sadowski","Julianna Guill","Ben Feldman","Arlen Escarpeta"],"metascore":34},"The Time Traveler's Wife":{"revenue":101229792,"release_date":"2009-08-14","poster":"/gHupkXWAZocNHixV0dXh3h95OAq.jpg","id":24420,"imdb":"tt0452694","cast":["Eric Bana","Rachel McAdams","Michelle Nolden","Arliss Howard","Jane McLean","Ron Livingston","Brian Bisson","Maggie Castle","Fiona Reid","Philip Craig"],"metascore":47},"Alice in Wonderland":{"revenue":1024299904,"release_date":"2010-03-04","poster":"/pvEE5EN5N1yjmHmldfL4aJWm56l.jpg","id":12155,"imdb":"tt1014759","cast":["Johnny Depp","Anne Hathaway","Helena Bonham Carter","Crispin Glover","Mia Wasikowska","Marton Csokas","Matt Lucas","Lindsay Duncan","Tim Pigott-Smith","Frances de la Tour"],"metascore":53},"Iron Man 2":{"revenue":621752099,"release_date":"2010-05-07","poster":"/1LoT5WsN4Lc1aR7A18ciSA1LoMy.jpg","id":10138,"imdb":"tt1228705","cast":["Robert Downey Jr.","Gwyneth Paltrow","Don Cheadle","Scarlett Johansson","Sam Rockwell","Mickey Rourke","Samuel L. Jackson","Clark Gregg","John Slattery","Garry Shandling"],"metascore":57},"The Twilight Saga: Eclipse":{"revenue":300476779,"release_date":"2010-06-23","poster":"/7UoOHjmRoOBGsm6k724IMq8saAo.jpg","id":24021,"imdb":"tt1325004","cast":["Kristen Stewart","Robert Pattinson","Taylor Lautner","Ashley Greene","Peter Facinelli","Billy Burke","Elizabeth Reaser","Nikki Reed","Kellan Lutz","Jackson Rathbone"],"metascore":58},"TRON: Legacy":{"revenue":400062763,"release_date":"2010-12-16","poster":"/eZW5Rv0peoGrC0RY12lwzoLPwmx.jpg","id":20526,"imdb":"tt1104001","cast":["Garrett Hedlund","Jeff Bridges","Olivia Wilde","Bruce Boxleitner","Yaya DaCosta","Serinda Swan","Beau Garrett","Elizabeth Mathis","James Frain","Amy Esterle"],"metascore":49},"Tangled":{"revenue":590721936,"release_date":"2010-11-24","poster":"/re6AOJbhBk9FIK3knwU6rYlbPDx.jpg","id":38757,"imdb":"tt0398286","cast":["Mandy Moore","Zachary Levi","Donna Murphy","Ron Perlman","Jeffrey Tambor","Brad Garrett","Paul F. Tompkins","Richard Kiel","Delaney Rose Stein","Nathan Greno"],"metascore":71},"Shrek Forever After":{"revenue":734036937,"release_date":"2010-05-16","poster":"/enqVwbUu6OX5LHq0fuk7sLT35zy.jpg","id":10192,"imdb":"tt0892791","cast":["Mike Myers","Eddie Murphy","Cameron Diaz","Antonio Banderas","Julie Andrews","Jon Hamm","John Cleese","Craig Robinson","Walt Dohrn","Jane Lynch"],"metascore":58},"Toy Story 3":{"revenue":1063171911,"release_date":"2010-06-17","poster":"/tOwAAVeL1p3ls9dhOBo45ElodU3.jpg","id":10193,"imdb":"tt0435761","cast":["Tom Hanks","Tim Allen","Joan Cusack","Ned Beatty","Michael Keaton","Whoopi Goldberg","Bonnie Hunt","Wallace Shawn","John Ratzenberger","Don Rickles","Estelle Harris"],"metascore":92},"Megamind":{"revenue":60500000,"release_date":"2010-11-04","poster":"/mws4hcv746iKsTv81sY393LY4YI.jpg","id":38055,"imdb":"tt1001526","cast":["Will Ferrell","Brad Pitt","Tina Fey","Jonah Hill","David Cross","Justin Long","Bill Hader","Amy Poehler","Rob Corddry","J.K. Simmons"],"metascore":63},"Despicable Me":{"revenue":544513985,"release_date":"2010-07-08","poster":"/2ZFmSkIihM3cWTjtKVy1UAchG5L.jpg","id":20352,"imdb":"tt1323594","cast":["Steve Carell","Jason Segel","Russell Brand","Julie Andrews","Will Arnett","Kristen Wiig","Miranda Cosgrove","Dana Gaier","Elsie Kate Fisher","Pierre Coffin"],"metascore":72},"How to Train Your Dragon":{"revenue":494878759,"release_date":"2010-03-24","poster":"/zMAm3WYmvD40FaWFsOmpicQFabz.jpg","id":10191,"imdb":"tt0892769","cast":["Jay Baruchel","Gerard Butler","Craig Ferguson","America Ferrera","Jonah Hill","Christopher Mintz-Plasse","T. J. Miller","Kristen Wiig","Robin Atkin Downes","Philip McGrade"],"metascore":74},"True Grit":{"revenue":249250624,"release_date":"2010-12-22","poster":"/j0JkZsvtzqtPG7Wqp2jP7DbdzGS.jpg","id":44264,"imdb":"tt1403865","cast":["Jeff Bridges","Hailee Steinfeld","Matt Damon","Josh Brolin","Barry Pepper","Dakin Matthews","Jarlath Conroy"],"metascore":80},"Harry Potter and the Deathly Hallows: Part 1":{"revenue":954305868,"release_date":"2010-11-19","poster":"/3e28fIYfaJnsWLDw84JVAiUq6Av.jpg","id":12444,"imdb":"tt0926084","cast":["Daniel Radcliffe","Emma Watson","Rupert Grint","Helena Bonham Carter","Alan Rickman","Bill Nighy","Michael Gambon","Ralph Fiennes","Brendan Gleeson","John Hurt"],"metascore":65},"Grown Ups":{"revenue":267420265,"release_date":"2010-06-24","poster":"/t6Yj2UlqsrHHK6kJO1FWepR6mEd.jpg","id":38365,"imdb":"tt1375670","cast":["Adam Sandler","Salma Hayek","Maria Bello","Steve Buscemi","Maya Rudolph","Kevin James","Rob Schneider","Chris Rock","Jamie Chung","David Spade"],"metascore":30},"The Karate Kid":{"revenue":357852395,"release_date":"2010-06-10","poster":"/bucxUHJd1DFy15iHzuXSOoFrObW.jpg","id":38575,"imdb":"tt1155076","cast":["Jaden Smith","Jackie Chan","Taraji P. Henson","Yu Rong-Guang","Tess Liu","Xu Ming","Ji Wang"],"metascore":61},"Little Fockers":{"revenue":309445798,"release_date":"2010-12-21","poster":"/vpVa9AaUHokKoRzDQmEPGgAWpaX.jpg","id":39451,"imdb":"tt0970866","cast":["Robert De Niro","Ben Stiller","Owen Wilson","Dustin Hoffman","Barbra Streisand","Teri Polo","Blythe Danner","Jessica Alba","Harvey Keitel","Laura Dern"],"metascore":27},"Clash of the Titans":{"revenue":232713139,"release_date":"2010-04-02","poster":"/n8W2Y72VzSi8Yz6IvYWwfoiMTS6.jpg","id":18823,"imdb":"tt0800320","cast":["Sam Worthington","Ralph Fiennes","Gemma Arterton","Jason Flemyng","Alexa Davalos","Tine Stapelfeldt","Mads Mikkelsen","Luke Evans","Izabella Miko","Liam Neeson"],"metascore":39},"The Other Guys":{"revenue":152006678,"release_date":"2010-08-06","poster":"/b4mYjC8kKx32BnCNBQeDCA76WBd.jpg","id":27581,"imdb":"tt1386588","cast":["Will Ferrell","Mark Wahlberg","Eva Mendes","Samuel L. Jackson","Dwayne Johnson","Michael Keaton","Brett Gelman","Ray Stevenson","Roy T. Anderson","Larnell Stovall"],"metascore":64},"The Last Airbender":{"revenue":318502923,"release_date":"2010-07-01","poster":"/5kO6hVZrtBZ98VfpgHvwivjXgMg.jpg","id":10196,"imdb":"tt0938283","cast":["Noah Ringer","Nicola Peltz","Jackson Rathbone","Dev Patel","Shaun Toub","Aasif Mandvi","Dee Bradley Baker","Ben Cooke","Katharine Houghton"],"metascore":20},"The King's Speech":{"revenue":414211549,"release_date":"2010-09-06","poster":"/v8M5Sytbut7vBXyZ1HDy8lUVVcB.jpg","id":45269,"imdb":"tt1504320","cast":["Colin Firth","Geoffrey Rush","Helena Bonham Carter","Helena Bonham Carter","Guy Pearce","Timothy Spall","Michael Gambon","Jennifer Ehle","Derek Jacobi"],"metascore":88},"Inception":{"revenue":825532764,"release_date":"2010-07-16","poster":"/tAXARVreJnWfoANIHASmgYk4SB0.jpg","id":27205,"imdb":"tt1375666","cast":["Leonardo DiCaprio","Joseph Gordon-Levitt","Ellen Page","Tom Hardy","Ken Watanabe","Cillian Murphy","Marion Cotillard","Michael Caine","Dileep Rao","Tom Berenger"],"metascore":74},"Valentine's Day":{"revenue":213785654,"release_date":"2010-02-11","poster":"/qrZ49dcenKqtRWSbOK8zWLQC6GG.jpg","id":32856,"imdb":"tt0817230","cast":["Jessica Alba","Jessica Biel","Bradley Cooper","Eric Dane","Patrick Dempsey","Héctor Elizondo","Jamie Foxx","Jennifer Garner","Topher Grace","Anne Hathaway"],"metascore":34},"Shutter Island":{"revenue":294803014,"release_date":"2010-02-18","poster":"/aZqKsvpJDFy2UzUMsdskNFbfkOd.jpg","id":11324,"imdb":"tt1130884","cast":["Leonardo DiCaprio","Mark Ruffalo","Ben Kingsley","Emily Mortimer","Michelle Williams","Max von Sydow","Jackie Earle Haley","Patricia Clarkson","Ted Levine","John Carroll Lynch"],"metascore":63},"Salt":{"revenue":293329073,"release_date":"2010-07-23","poster":"/956xMjH4sPoqimqoLOP6AI19mjm.jpg","id":27576,"imdb":"tt0944835","cast":["Angelina Jolie","Liev Schreiber","Corey Stoll","Chiwetel Ejiofor","Daniel Olbrychski","August Diehl","Yara Shahidi","Gaius Charles","Victor Slezak","Cassidy Hinkle"],"metascore":65},"Date Night":{"revenue":152263880,"release_date":"2010-04-08","poster":"/fzzPht9KId6Ollow30jYtABhDY3.jpg","id":35056,"imdb":"tt1279935","cast":["Steve Carell","Tina Fey","Mark Wahlberg","Taraji P. Henson","Jimmi Simpson","William Fichtner","Leighton Meester","Kristen Wiig","Mark Ruffalo","James Franco"],"metascore":56},"Yogi Bear":{"revenue":127209281,"release_date":"2010-12-17","poster":"/5oYL4YS8WHjhodRLn4b8BRZ3YHh.jpg","id":41515,"imdb":"tt1302067","cast":["Dan Aykroyd","Justin Timberlake","Anna Faris","Tom Cavanagh","Christine Taylor","T. J. Miller","Nate Corddry","Andrew Daly"],"metascore":35},"The Expendables":{"revenue":274470394,"release_date":"2010-08-03","poster":"/y2qJoYxOhzyidsA60Mqn29H38Lk.jpg","id":27578,"imdb":"tt1320253","cast":["Sylvester Stallone","Jason Statham","Dolph Lundgren","Eric Roberts","Randy Couture","Steve Austin","David Zayas","Giselle Itié","Terry Crews","Mickey Rourke"],"metascore":45},"The Chronicles of Narnia: The Voyage of the Dawn Treader":{"revenue":415686217,"release_date":"2010-12-10","poster":"/pRzEyrMSyvpHf92EhsVSg9Yr81t.jpg","id":10140,"imdb":"tt0980970","cast":["Skandar Keynes","Georgie Henley","Simon Pegg","Gary Sweet","Arthur Angel","Tilda Swinton","Tony Nixon","Shane Rangi","Colin Moody","Ben Barnes"],"metascore":53},"Black Swan":{"revenue":327803731,"release_date":"2010-12-02","poster":"/9aipydFnWTBSyFBxM46rVor7FZ.jpg","id":44214,"imdb":"tt0947798","cast":["Natalie Portman","Christopher Gartin","Mila Kunis","Winona Ryder","Vincent Cassel","Ksenia Solo","Toby Hemingway","Barbara Hershey","Janet Montgomery","Kristina Anapau"],"metascore":79},"Sex and the City 2":{"revenue":95328937,"release_date":"2010-05-28","poster":"/bFaVEH21JfF70czs5qoDyiM8Pna.jpg","id":37786,"imdb":"tt1261945","cast":["Sarah Jessica Parker","Kristin Davis","Cynthia Nixon","Kim Cattrall","David Eigenberg","Evan Handler","Alexandra Fong","Parker Fong","Mario Cantone","Willie Garson"],"metascore":27},"Due Date":{"revenue":211714982,"release_date":"2010-11-04","poster":"/88m6HPueDnDnuCGwDa2BtA9sK8m.jpg","id":41733,"imdb":"tt1231583","cast":["Zach Galifianakis","Robert Downey Jr.","Michelle Monaghan","Jamie Foxx","Juliette Lewis","Danny McBride","RZA","Matt Walsh","Brody Stevens","Jakob Ulrich"],"metascore":51},"Robin Hood":{"revenue":310669540,"release_date":"2010-05-13","poster":"/4gH0vhyOcl7QV3t81653CpWjEB6.jpg","id":20662,"imdb":"tt0955308","cast":["Russell Crowe","Cate Blanchett","Matthew Macfadyen","Mark Strong","William Hurt","Max von Sydow","Oscar Isaac","Mark Addy","Danny Huston","Kevin Durand"],"metascore":53},"Prince of Persia: The Sands of Time":{"revenue":335154643,"release_date":"2010-05-27","poster":"/6Je39tJKPrZ7zNacBXnk17BTTYz.jpg","id":9543,"imdb":"tt0473075","cast":["Jake Gyllenhaal","Gemma Arterton","Ben Kingsley","Alfred Molina","Steve Toussaint","Toby Kebbell","Richard Coyle","Ronald Pickup","Reece Ritchie","Gísli Örn Garðarsson","Claudio Pacifico"],"metascore":50},"The Social Network":{"revenue":213891471,"release_date":"2010-09-30","poster":"/hKTwHT6WtYhtG8U2PJQSQH2y4oD.jpg","id":37799,"imdb":"tt1285016","cast":["Jesse Eisenberg","Andrew Garfield","Justin Timberlake","Rooney Mara","Bryan Barter","Dustin Fitzsimons","Armie Hammer","Joseph Mazzello","Patrick Mapel","Max Minghella"],"metascore":95},"The Book of Eli":{"revenue":159338167,"release_date":"2010-01-14","poster":"/qL3FnEug9DyBcaBXVb0oT3DJMJu.jpg","id":20504,"imdb":"tt1037705","cast":["Denzel Washington","Gary Oldman","Michael Gambon","Mila Kunis","Jennifer Beals","Ray Stevenson","Frances de la Tour","Tom Waits","Lateef Crowder","Chris Browning"],"metascore":53},"Paranormal Activity 2":{"revenue":177512032,"release_date":"2010-10-21","poster":"/ekDTa5wJHqeKH9eBZoGo9GCdkyJ.jpg","id":41436,"imdb":"tt1536044","cast":["Katie Featherston","David Bierend","Brian Boland","Molly Ephraim","Seth Ginsberg","Sprague Grayden","William Juan Prieto","Jackson Xenia Prieto","Micah Sloat","Vivis Cortez"],"metascore":53},"Love & Other Drugs":{"revenue":102313925,"release_date":"2010-11-24","poster":"/wdCTfspMLcUUZS4fp3uHdj9Ru6Z.jpg","id":43347,"imdb":"tt0758752","cast":["Jake Gyllenhaal","Anne Hathaway","Oliver Platt","Hank Azaria","Gabriel Macht","Judy Greer","George Segal","Jill Clayburgh"],"metascore":55},"RED":{"revenue":71664962,"release_date":"2010-10-14","poster":"/d8YbDv9mGaM7zLidKh9QgL8HxHw.jpg","id":39514,"imdb":"tt1245526","cast":["Bruce Willis","John Malkovich","Helen Mirren","Mary-Louise Parker","Karl Urban","Richard Dreyfuss","Julian McMahon","James Remar","Brian Cox","Ernest Borgnine"],"metascore":60},"The Town":{"revenue":154026136,"release_date":"2010-09-17","poster":"/zX4fKmDXKGt4hlzhAJirdlRKFgO.jpg","id":23168,"imdb":"tt0840361","cast":["Ben Affleck","Rebecca Hall","Jeremy Renner","Jon Hamm","Blake Lively","Slaine","Owen Burke","Titus Welliver","Pete Postlethwaite","Chris Cooper"],"metascore":74},"Percy Jackson: The Lightning Thief":{"revenue":216103000,"release_date":"2010-02-11","poster":"/px2u1SbfH2rxlC7VEdJagMorarY.jpg","id":32657,"imdb":"tt0814255","cast":["Logan Lerman","Brandon T. Jackson","Alexandra Daddario","Jake Abel","Sean Bean","Pierce Brosnan","Steve Coogan","Rosario Dawson","Melina Kanakaredes","Catherine Keener"],"metascore":47},"Eat Pray Love":{"revenue":181069591,"release_date":"2010-08-12","poster":"/s57E4AfPIU1fxwpGGRahk6A0DUl.jpg","id":38167,"imdb":"tt0879870","cast":["Julia Roberts","James Franco","Javier Bardem","Billy Crudup","Richard Jenkins","Viola Davis"],"metascore":50},"The A-Team":{"revenue":176394723,"release_date":"2010-06-11","poster":"/eMwotYpkcE42lGlaoCpPFaolvst.jpg","id":34544,"imdb":"tt0429493","cast":["Liam Neeson","Bradley Cooper","Jessica Biel","Sharlto Copley","Patrick Wilson","Quinton Jackson","Dirk Benedict","Dwight Schultz","Gerald McRaney","Brian Bloom"],"metascore":47},"Dinner for Schmucks":{"revenue":86387857,"release_date":"2010-07-30","poster":"/3eaNh9o4idemfhnWGt95mBJks9H.jpg","id":38778,"imdb":"tt0427152","cast":["Steve Carell","Paul Rudd","Stephanie Szostak","Jemaine Clement","Zach Galifianakis","Lucy Punch","Bruce Greenwood","David Walliams","Ron Livingston"],"metascore":56},"Unstoppable":{"revenue":80444289,"release_date":"2010-11-12","poster":"/b2uI9tSssC4D7vCgdES6IZJXuCs.jpg","id":44048,"imdb":"tt0477080","cast":["Denzel Washington","Chris Pine","Rosario Dawson","Jessy Schram","Elizabeth Mathis","Ethan Suplee","Kevin Dunn","Kevin Corrigan","Kevin Chapman","Lew Temple","T. J. Miller"],"metascore":69},"The Tourist":{"revenue":278346189,"release_date":"2010-12-10","poster":"/jfLFF0Qa9jAoTYQIKaSWmMWcKZd.jpg","id":37710,"imdb":"tt1243957","cast":["Johnny Depp","Angelina Jolie","Paul Bettany","Timothy Dalton","Steven Berkoff","Rufus Sewell","Christian De Sica","Alessio Boni","Daniele Pecci"],"metascore":37},"Get Him to the Greek":{"revenue":90029656,"release_date":"2010-06-04","poster":"/a3HJGSFuFbaVAK3l8IqdVYchF0B.jpg","id":32823,"imdb":"tt1226229","cast":["Jonah Hill","Russell Brand","Rose Byrne","Colm Meaney","Sean Combs","Tom Felton","Christina Aguilera","Katy Perry","Pink","Elisabeth Moss"],"metascore":65},"The Bounty Hunter":{"revenue":136,"release_date":"2010-03-19","poster":"/lAuOwnlWrBOOiWGpS3wqhfF4CRx.jpg","id":27573,"imdb":"tt1038919","cast":["Gerard Butler","Jennifer Aniston","Gio Perez","Siobhan Fallon","Joel Garland","Jason Kolotouros","Matt Malloy","Jason Sudeikis","Adam Rose","Christine Baranski"],"metascore":22},"Harry Potter and the Deathly Hallows: Part 2":{"revenue":1327817822,"release_date":"2011-07-07","poster":"/7xmtxRc9nQnCuWINuTT4SMP5NJc.jpg","id":12445,"imdb":"tt1201607","cast":["Daniel Radcliffe","Rupert Grint","Emma Watson","Alan Rickman","Maggie Smith","Helena Bonham Carter","Emma Thompson","Robbie Coltrane","Ralph Fiennes","Gemma Jones"],"metascore":87},"Cars 2":{"revenue":551185745,"release_date":"2011-06-16","poster":"/7WILDjnJggB3bIioS3LRvtvmu1X.jpg","id":49013,"imdb":"tt1216475","cast":["Owen Wilson","Michael Caine","Emily Mortimer","Michael Keaton","Jason Isaacs","Bonnie Hunt","John Ratzenberger","Tony Shalhoub","Larry the Cable Guy","Eddie Izzard"],"metascore":57},"Mission: Impossible - Ghost Protocol":{"revenue":694713380,"release_date":"2011-12-21","poster":"/96k0SkL6bXqKyOj50hYu3fRRbmV.jpg","id":56292,"imdb":"tt1229238","cast":["Tom Cruise","Jeremy Renner","Simon Pegg","Paula Patton","Anil Kapoor","Josh Holloway","Ving Rhames","Miraj Grbic","Ivan Shvedoff","Samuli Edelmann"],"metascore":73},"The Sorcerer's Apprentice":{"revenue":215283991,"release_date":"2010-07-13","poster":"/ZNSrRpdJ6FjMy4Iu6JpRTJ5Q87.jpg","id":27022,"imdb":"tt0963966","cast":["Nicolas Cage","Jay Baruchel","Monica Bellucci","Alfred Molina","Teresa Palmer","Ethan Peck","Alice Krige","Peyton List","Toby Kebbell","Omar Benson Miller"],"metascore":46},"The Twilight Saga: Breaking Dawn - Part 1":{"revenue":701315261,"release_date":"2011-11-17","poster":"/eZQfeokiFBdvKHNrtQoM3tt2FWL.jpg","id":50619,"imdb":"tt1324999","cast":["Kristen Stewart","Robert Pattinson","Taylor Lautner","Ashley Greene","Peter Facinelli","Elizabeth Reaser","Kellan Lutz","Anna Kendrick","Booboo Stewart","Julia Jones"],"metascore":45},"Transformers: Dark of the Moon":{"revenue":1123746996,"release_date":"2011-06-28","poster":"/x3srPojlinkAYxnPXAjZunsPCIL.jpg","id":38356,"imdb":"tt1399103","cast":["Shia LaBeouf","John Malkovich","Ken Jeong","Frances McDormand","Josh Duhamel","Tyrese Gibson","Hugo Weaving","Leonard Nimoy","John Turturro","Rosie Huntington-Whiteley"],"metascore":42},"The Hangover Part II":{"revenue":254455986,"release_date":"2011-05-25","poster":"/hFUsdnUoQDQ02EVlKTyhDTdehEr.jpg","id":45243,"imdb":"tt1411697","cast":["Bradley Cooper","Zach Galifianakis","Justin Bartha","Ed Helms","Ken Jeong","Mike Tyson","Jamie Chung","Paul Giamatti","Jeffrey Tambor","Mason Lee"],"metascore":44},"A Nightmare on Elm Street":{"revenue":112362985,"release_date":"2010-04-30","poster":"/zPdMcikD993AQRd92iNv0Dxb67T.jpg","id":23437,"imdb":"tt1179056","cast":["Jackie Earle Haley","Katie Cassidy","Kyle Gallner","Kellan Lutz","Thomas Dekker","Clancy Brown","Connie Britton","Rooney Mara","Christian Stolte"],"metascore":35},"Fast Five":{"revenue":626137675,"release_date":"2011-04-28","poster":"/cA81CI8odKv5KHRUUzJbj83yN7c.jpg","id":51497,"imdb":"tt1596343","cast":["Dwayne Johnson","Vin Diesel","Paul Walker","Jordana Brewster","Tyrese Gibson","Elsa Pataky","Ludacris","Sung Kang","Gal Gadot","Matt Schulze"],"metascore":67},"Bridesmaids":{"revenue":206686000,"release_date":"2011-04-28","poster":"/x5ucaJZ4FP589Gn3I8l3ZFV3Nl8.jpg","id":55721,"imdb":"tt1478338","cast":["Rose Byrne","Jon Hamm","Kristen Wiig","Melissa McCarthy","Maya Rudolph","Chris O'Dowd","Ellie Kemper","Jessica St. Clair","Tom Yi","Elaine Kao"],"metascore":75},"Rise of the Planet of the Apes":{"revenue":482860185,"release_date":"2011-08-04","poster":"/ddWSWgAjAhksNhMeeBTSqY6otIA.jpg","id":61791,"imdb":"tt1318514","cast":["Andy Serkis","Karin Konoval","Freida Pinto","James Franco","Tyler Labine","David Hewlett","David Oyelowo","Chelah Horsdal","Jesse Reid","Tracy Spiridakos"],"metascore":68},"The Help":{"revenue":124272124,"release_date":"2011-08-10","poster":"/6u85CuvnbrzWMhKbGk4Bm5RnO3V.jpg","id":50014,"imdb":"tt1454029","cast":["Emma Stone","Viola Davis","Octavia Spencer","Bryce Dallas Howard","Jessica Chastain","Mike Vogel","Allison Janney","Sissy Spacek","Chris Lowell","Ahna O'Reilly"],"metascore":62},"Pirates of the Caribbean: On Stranger Tides":{"revenue":1021683000,"release_date":"2011-05-11","poster":"/jUkGuSC9Kt29rW3x6UiB9zyZr1M.jpg","id":1865,"imdb":"tt1298650","cast":["Johnny Depp","Ian McShane","Penélope Cruz","Geoffrey Rush","Gemma Ward","Richard Griffiths","Stephen Graham","Kevin McNally","Óscar Jaenada","Roger Allam"],"metascore":45},"Sherlock Holmes: A Game of Shadows":{"revenue":334615000,"release_date":"2011-12-16","poster":"/7OFqsVuS6DlVM10GUD72vCGpQm9.jpg","id":58574,"imdb":"tt1515091","cast":["Robert Downey Jr.","Jude Law","Jared Harris","Noomi Rapace","Kelly Reilly","Geraldine James","Eddie Marsan","Stephen Fry","William Houston","Affif Ben Badra"],"metascore":48},"Kung Fu Panda 2":{"revenue":570569112,"release_date":"2011-05-25","poster":"/9wCrh57WO3mPmn1hWnJRcvdFtIb.jpg","id":49444,"imdb":"tt1302011","cast":["Jack Black","Angelina Jolie","Seth Rogen","Gary Oldman","David Cross","Dustin Hoffman","Jackie Chan","Lucy Liu","Jean-Claude Van Damme","Michelle Yeoh"],"metascore":67},"Captain America: The First Avenger":{"revenue":365762652,"release_date":"2011-07-22","poster":"/sBZs1jSybBRBXDwcCR8IOyHLUMc.jpg","id":1771,"imdb":"tt0458339","cast":["Chris Evans","Hugo Weaving","Tommy Lee Jones","Hayley Atwell","Sebastian Stan","Samuel L. Jackson","Dominic Cooper","Stanley Tucci","Natalie Dormer","Amanda Righetti"],"metascore":66},"X-Men: First Class":{"revenue":344420111,"release_date":"2011-05-24","poster":"/l2cBQTfbVEWUXW8nKWCgq0ct7WU.jpg","id":49538,"imdb":"tt1270798","cast":["James McAvoy","Michael Fassbender","Rose Byrne","January Jones","Jennifer Lawrence","Kevin Bacon","Oliver Platt","Zoë Kravitz","Álex González","Jason Flemyng"],"metascore":65},"Thor":{"revenue":444115007,"release_date":"2011-05-06","poster":"/bIuOWTtyFPjsFDevqvF3QrD1aun.jpg","id":10195,"imdb":"tt0800369","cast":["Chris Hemsworth","Natalie Portman","Tom Hiddleston","Anthony Hopkins","Stellan Skarsgård","Kat Dennings","Clark Gregg","Colm Feore","Idris Elba","Ray Stevenson"],"metascore":57},"Super 8":{"revenue":260095987,"release_date":"2011-06-08","poster":"/1JAKnHjENVz1adurNjtsWZnVQGY.jpg","id":37686,"imdb":"tt1650062","cast":["Kyle Chandler","Elle Fanning","Noah Emmerich","Amanda Michalka","Ron Eldard","Joel Courtney","Riley Griffiths","Ryan Lee","Gabriel Basso","Zach Mills"],"metascore":72},"Rio":{"revenue":471009915,"release_date":"2011-04-15","poster":"/tljxcbuC5MT4SzpwAYYYnqlQ9JC.jpg","id":46195,"imdb":"tt1436562","cast":["Jesse Eisenberg","Anne Hathaway","Leslie Mann","Jane Lynch","Will.i.am","Wanda Sykes","George Lopez","Jamie Foxx","Rodrigo Santoro"],"metascore":63},"The Smurfs":{"revenue":125948234,"release_date":"2011-07-29","poster":"/ntP7anZWyi7TxFARKp78bHTLEVr.jpg","id":41513,"imdb":"tt0472181","cast":["Neil Patrick Harris","Jayma Mays","Anton Yelchin","Hank Azaria","Alan Cumming","Katy Perry","Sofía Vergara","Jonathan Winters","George Lopez","Paul Reubens"],"metascore":30},"Horrible Bosses":{"revenue":117,"release_date":"2011-07-08","poster":"/17rVRW7ond0PR2KJHY0xY00isTB.jpg","id":51540,"imdb":"tt1499658","cast":["Jennifer Aniston","Jason Bateman","Charlie Day","Jason Sudeikis","Colin Farrell","Jamie Foxx","Donald Sutherland","Lindsay Sloane","John Francis Daley","Kevin Spacey"],"metascore":57},"Rango":{"revenue":242421099,"release_date":"2011-03-03","poster":"/dQ6JElhTmauGWAyxu1k1uPrxupr.jpg","id":44896,"imdb":"tt1192628","cast":["Johnny Depp","Isla Fisher","Ned Beatty","Bill Nighy","Alfred Molina","Abigail Breslin","Claudia Black","Timothy Olyphant","Ray Winstone","Stephen Root"],"metascore":75},"Green Lantern":{"revenue":219851172,"release_date":"2011-06-16","poster":"/zUSEYp9G7Hk9GZIfbPoOiSHvwHV.jpg","id":44912,"imdb":"tt1133985","cast":["Ryan Reynolds","Blake Lively","Peter Sarsgaard","Tim Robbins","Mark Strong","Temuera Morrison","Jenna Craig","Jon Tenney","Mike Doyle","NicK Jandl"],"metascore":39},"Bad Teacher":{"revenue":216412265,"release_date":"2011-06-19","poster":"/ejTcAKe5F3zsvU9GXyl2ODAhkWl.jpg","id":52449,"imdb":"tt1284575","cast":["Jason Segel","Cameron Diaz","Justin Timberlake","Lucy Punch","Phyllis Smith","John Michael Higgins","Jillian Armenante","Dave Allen","Matthew J. Evans","Kaitlyn Dever"],"metascore":47},"Cowboys & Aliens":{"revenue":171240551,"release_date":"2011-07-29","poster":"/tXEHvxU315Yu7bEaMMRcpDpW6RI.jpg","id":49849,"imdb":"tt0409847","cast":["Olivia Wilde","Harrison Ford","Daniel Craig","Sam Rockwell","Paul Dano","Walton Goggins","Ana de la Reguera","Clancy Brown","Keith Carradine","Noah Ringer"],"metascore":50},"Paranormal Activity 3":{"revenue":205703818,"release_date":"2011-10-21","poster":"/mOt5rOWhfF2GmbW1Dv51lrwwfw0.jpg","id":72571,"imdb":"tt1778304","cast":["Katie Featherston","Sprague Grayden","Lauren Bittner","Christopher Nicholas Smith","Chloe Csengery","Jessica Tyler Brown","Hallie Foote","Marilyn Alex","Dustin Ingram","Jessica Berger"],"metascore":59},"The Green Hornet":{"revenue":227817248,"release_date":"2011-01-13","poster":"/xYEBtscvOA7JWh2MSvcnkAaeAyc.jpg","id":40805,"imdb":"tt0990407","cast":["Seth Rogen","Jay Chou","Christoph Waltz","Cameron Diaz","Edward Furlong","Tom Wilkinson","Edward James Olmos","Analeigh Tipton","Chad L. Coleman","Robert Clotworthy"],"metascore":39},"Alvin and the Chipmunks: Chipwrecked":{"revenue":342695435,"release_date":"2011-12-14","poster":"/31IPWvH2l4ycyK8EsMOmmwiJC7n.jpg","id":55301,"imdb":"tt1615918","cast":["Amy Poehler","Jenny Slate","Andy Buckley","Jesse McCartney","Jason Lee","Anna Faris","Christina Applegate","Justin Long"],"metascore":24},"Hop":{"revenue":177324359,"release_date":"2011-04-01","poster":"/avbiy6qaRMbfeI8HRpNg2HLaNwD.jpg","id":50359,"imdb":"tt1411704","cast":["Russell Brand","James Marsden","Kaley Cuoco","Hank Azaria","Elizabeth Perkins","Gary Cole","Hugh Laurie","Tiffany Espensen","David Hasselhoff","Chelsea Handler"],"metascore":41},"Real Steel":{"revenue":277268415,"release_date":"2011-10-06","poster":"/drtXi58nN6P3zcoLh6wUlsZAYqh.jpg","id":39254,"imdb":"tt0433035","cast":["Hugh Jackman","Dakota Goyo","Evangeline Lilly","Anthony Mackie","Kevin Durand","Hope Davis","James Rebhorn","Marco Ruggeri","Karl Yune","Olga Fonda"],"metascore":56},"The Girl with the Dragon Tattoo":{"revenue":102515793,"release_date":"2011-12-14","poster":"/voxRWFTtagLiqnJQs9tWQLB0MN.jpg","id":65754,"imdb":"tt1568346","cast":["Daniel Craig","Stellan Skarsgård","Rooney Mara","Robin Wright","Christopher Plummer","Steven Berkoff","Joely Richardson","Embeth Davidtz","Geraldine James","Goran Višnjić"],"metascore":71},"Just Go With It":{"revenue":214918407,"release_date":"2011-02-11","poster":"/vQ8d3A6W96fmsxPUNu9DrgwSRaI.jpg","id":50546,"imdb":"tt1564367","cast":["Jennifer Aniston","Adam Sandler","Nicole Kidman","Bailee Madison","Rachel Specter","Brooklyn Decker","Elena Satine","Nick Swardson","Dan Patrick","Rachel Dratch"],"metascore":33},"Gnomeo & Juliet":{"revenue":189712432,"release_date":"2011-02-11","poster":"/atCBHTqq7khw5Z1KSVXDo6ncKWF.jpg","id":45772,"imdb":"tt0377981","cast":["Jason Statham","Emily Blunt","James McAvoy","Michael Caine","Maggie Smith","Julie Walters","Patrick Stewart","Jim Cummings","Ashley Jensen","Dolly Parton"],"metascore":53},"Battle Los Angeles":{"revenue":202466756,"release_date":"2011-03-11","poster":"/rkfaoR6BoQh29F6TrgaO7AQ56oE.jpg","id":44943,"imdb":"tt1217613","cast":["Aaron Eckhart","Ramón Rodríguez","Will Rothhaar","Cory Hardrict","Jim Parrack","Gino Anthony Pesi","Ne-Yo","James Hiroyuki Liao","Bridget Moynahan","Noel Fisher"],"metascore":37},"The Muppets":{"revenue":88355068,"release_date":"2011-11-22","poster":"/Ai7JRZFEXXOX7rhgfeL861zZtWv.jpg","id":64328,"imdb":"tt1204342","cast":["Emily Blunt","John Krasinski","Zach Galifianakis","Jack Black","Amy Adams","Jason Segel","Jim Parsons","Mickey Rooney","Neil Patrick Harris","Chris Cooper"],"metascore":75},"Crazy, Stupid, Love.":{"revenue":142851197,"release_date":"2011-07-28","poster":"/tsfuFwWLqj9OG5ewiRB0imcP8up.jpg","id":50646,"imdb":"tt1570728","cast":["Steve Carell","Julianne Moore","Ryan Gosling","Emma Stone","Marisa Tomei","Kevin Bacon","Analeigh Tipton","Jonah Bobo"],"metascore":68},"Contagion":{"revenue":135,"release_date":"2011-09-09","poster":"/kbC6I0AOSLTHFA2dieyat9h8QHP.jpg","id":39538,"imdb":"tt1598778","cast":["Matt Damon","Gwyneth Paltrow","Kate Winslet","Jude Law","Marion Cotillard","Laurence Fishburne","Bryan Cranston","Sanaa Lathan","Jennifer Ehle","Daria Strokous"],"metascore":70},"Zookeeper":{"revenue":78230732,"release_date":"2011-07-08","poster":"/qVsaDvFLnGSH6WdTgatzc2nXt7e.jpg","id":38317,"imdb":"tt1222817","cast":["Kevin James","Rosario Dawson","Sylvester Stallone","Nick Nolte","Jon Favreau","Adam Sandler","Judd Apatow","Thomas Gottschalk","Ken Jeong","Donnie Wahlberg"],"metascore":30},"War Horse":{"revenue":177000000,"release_date":"2011-12-25","poster":"/6wMoQyJddEiLCzLUHiX7LNWhDol.jpg","id":57212,"imdb":"tt1568911","cast":["Tom Hiddleston","Benedict Cumberbatch","Toby Kebbell","Emily Watson","Jeremy Irvine","Patrick Kennedy","David Thewlis","Peter Mullan","David Kross","Nicolas Bro"],"metascore":72},"Justin Bieber: Never Say Never":{"revenue":98441954,"release_date":"2011-02-11","poster":"/1f7DaSujt536oVcLT2SlOoNcwma.jpg","id":54518,"imdb":"tt1702443","cast":["Justin Bieber","Miley Cyrus","Usher","Jaden Smith","Sean Kingston"],"metascore":52},"Hugo":{"revenue":180864507,"release_date":"2011-10-09","poster":"/fkeaJr29ypea1n24gzspsc7qK44.jpg","id":44826,"imdb":"tt0970179","cast":["Asa Butterfield","Chloë Grace Moretz","Ben Kingsley","Sacha Baron Cohen","Jude Law","Christopher Lee","Helen McCrory","Michael Stuhlbarg","Marco Aponte","Emily Mortimer"],"metascore":83},"Limitless":{"revenue":155449455,"release_date":"2011-03-08","poster":"/hGHmdbovLuPi1Vdr6JLp7LhqZ3s.jpg","id":51876,"imdb":"tt1219289","cast":["Bradley Cooper","Robert De Niro","Abbie Cornish","Andrew Howard","Anna Friel","Johnny Whitworth","Robert John Burke","Darren Goldstein","Tomas Arana","Ned Eisenberg"],"metascore":59},"The Dark Knight Rises":{"revenue":1081041287,"release_date":"2012-07-20","poster":"/dEYnvnUfXrqvqeRSqvIEtmzhoA8.jpg","id":49026,"imdb":"tt1345836","cast":["Christian Bale","Gary Oldman","Tom Hardy","Joseph Gordon-Levitt","Anne Hathaway","Morgan Freeman","Marion Cotillard","Michael Caine","Matthew Modine","Alon Aboutboul"],"metascore":78},"The Adventures of Tintin":{"revenue":371940071,"release_date":"2011-12-20","poster":"/bDE10SyVAFEBrwI6qettdCHQjT.jpg","id":17578,"imdb":"tt0983193","cast":["Daniel Craig","Simon Pegg","Cary Elwes","Jamie Bell","Andy Serkis","Nick Frost","Mackenzie Crook","Tony Curran","Toby Jones","Daniel Mays"],"metascore":68},"No Strings Attached":{"revenue":147780440,"release_date":"2011-01-20","poster":"/1AxDwc2eugEvG4dRTear9q8Hzmw.jpg","id":41630,"imdb":"tt1411238","cast":["Natalie Portman","Ashton Kutcher","Greta Gerwig","Kevin Kline","Olivia Thirlby","Lake Bell","Cary Elwes","Talia Balsam","Stefanie Scott"],"metascore":50},"The Hunger Games":{"revenue":658010692,"release_date":"2012-03-23","poster":"/iLJdwmzrHFjFwI5lvYAT1gcpRuA.jpg","id":70160,"imdb":"tt1392170","cast":["Jennifer Lawrence","Josh Hutcherson","Liam Hemsworth","Stanley Tucci","Elizabeth Banks","Woody Harrelson","Willow Shields","Wes Bentley","Paula Malcomson","Amandla Stenberg"],"metascore":67},"Mr. Popper's Penguins":{"revenue":83847000,"release_date":"2011-06-17","poster":"/qKkyePjlG9yilHpS89ZOc3N2Cd1.jpg","id":58224,"imdb":"tt1396218","cast":["Jim Carrey","Carla Gugino","Madeline Carroll","Angela Lansbury","Ophelia Lovibond","James Tupper","Clark Gregg","Jeffrey Tambor","David Krumholtz","Philip Baker Hall"],"metascore":53},"Moneyball":{"revenue":110206216,"release_date":"2011-09-22","poster":"/3oAa8mJJ97CH9AeGEY6vjAxqcvZ.jpg","id":60308,"imdb":"tt1210166","cast":["Brad Pitt","Jonah Hill","Robin Wright","Philip Seymour Hoffman","Chris Pratt","Stephen Bishop","Brent Jennings","Ken Medlock","Tammy Blanchard","Jack McGee"],"metascore":87},"Madagascar 3: Europe's Most Wanted":{"revenue":742000000,"release_date":"2012-06-08","poster":"/q79YojIzPEUb0JaEpuzDbLJT3yv.jpg","id":80321,"imdb":"tt1277953","cast":["Ben Stiller","Sacha Baron Cohen","David Schwimmer","Frances McDormand","Chris Rock","Jada Pinkett Smith","John Di Maggio","Cedric the Entertainer","Jessica Chastain","Bryan Cranston"],"metascore":60},"Unknown":{"revenue":134887487,"release_date":"2011-02-18","poster":"/4QAPgl63sRyCptq1Wd25lNsptbU.jpg","id":48138,"imdb":"tt1401152","cast":["Liam Neeson","Diane Kruger","January Jones","Aidan Quinn","Bruno Ganz","Frank Langella","Sebastian Koch","Olivier Schneider","Stipe Erceg","Rainer Bock"],"metascore":56},"The Avengers":{"revenue":1511757910,"release_date":"2012-05-04","poster":"/cezWGskPY5x7GaglTTRN4Fugfb8.jpg","id":24428,"imdb":"tt0848228","cast":["Robert Downey Jr.","Chris Evans","Mark Ruffalo","Chris Hemsworth","Scarlett Johansson","Jeremy Renner","Tom Hiddleston","Clark Gregg","Cobie Smulders","Stellan Skarsgård"],"metascore":69},"Dolphin Tale":{"revenue":72279690,"release_date":"2011-09-23","poster":"/47eRTWQDx9lPkQgTWmuATNNkwBJ.jpg","id":62837,"imdb":"tt1564349","cast":["Morgan Freeman","Ashley Judd","Harry Connick, Jr.","Nathan Gamble","Kris Kristofferson","Ray McKinnon","Frances Sternhagen","Cozi Zuehlsdorff","Nicholas Turner Martin","Carlos Jorge Guerrero"],"metascore":64},"The Hobbit: An Unexpected Journey":{"revenue":1017003568,"release_date":"2012-12-14","poster":"/h1XjBJoWdOh8aegBoVYKgABQZSL.jpg","id":49051,"imdb":"tt0903624","cast":["Ian McKellen","Martin Freeman","Richard Armitage","Andy Serkis","Cate Blanchett","Christopher Lee","Sylvester McCoy","Ian Holm","Elijah Wood","Hugo Weaving"],"metascore":58},"The Adjustment Bureau":{"revenue":125962137,"release_date":"2011-03-04","poster":"/g87PqGH9Oo3d3Tbczcfk7ZMAIEk.jpg","id":38050,"imdb":"tt1385826","cast":["Matt Damon","Emily Blunt","John Slattery","Anthony Mackie","Lauren Hodges","Shane McRae","Terence Stamp","Michael Kelly","Lisa Thoreson","Florence Kastriner"],"metascore":60},"Ted":{"revenue":543315487,"release_date":"2012-06-29","poster":"/5ExgYTRafm4kFRwHp2jH6C23Yl4.jpg","id":72105,"imdb":"tt1637725","cast":["Mark Wahlberg","Mila Kunis","Seth MacFarlane","Joel McHale","Giovanni Ribisi","Patrick Warburton","Matt Walsh","Jessica Barth","Aedin Mincks","Bill Smitrovich"],"metascore":62},"Wreck-It Ralph":{"revenue":471222889,"release_date":"2012-11-02","poster":"/joNE8vVnrT83jbxRcWS3txZwvA0.jpg","id":82690,"imdb":"tt1772341","cast":["John C. Reilly","Jane Lynch","Sarah Silverman","Jack McBrayer","Jamie Elman","Adam Carolla","Alan Tudyk","Mindy Kaling","Joe Lo Truglio","Ed O'Neill"],"metascore":72},"Skyfall":{"revenue":1108694081,"release_date":"2012-11-10","poster":"/uVALAeLEMGMf3oYpvdVi4uuaNOo.jpg","id":37724,"imdb":"tt1074638","cast":["Daniel Craig","Judi Dench","Javier Bardem","Ralph Fiennes","Naomie Harris","Bérénice Marlohe","Albert Finney","Ben Whishaw","Rory Kinnear","Ola Rapace"],"metascore":81},"Taken 2":{"revenue":363498446,"release_date":"2012-10-04","poster":"/rKz1AQSjRBTFb7VR5YTFC4mfKWW.jpg","id":82675,"imdb":"tt1397280","cast":["Liam Neeson","Maggie Grace","Famke Janssen","Rade Šerbedžija","Luke Grimes","Jon Gries","Leland Orser","D. B. Sweeney","Kevork Malikyan","Alain Figlarz"],"metascore":45},"Lincoln":{"revenue":275293450,"release_date":"2012-11-16","poster":"/gkkiDu9srCCbCMxGKwNwKCxK7KF.jpg","id":72976,"imdb":"tt0443272","cast":["Daniel Day-Lewis","Sally Field","David Strathairn","Joseph Gordon-Levitt","James Spader","Hal Holbrook","Tommy Lee Jones","Lee Pace","Jackie Earle Haley","Jared Harris"],"metascore":86},"The Amazing Spider-Man":{"revenue":752215857,"release_date":"2012-07-04","poster":"/AtFhFTNbNo49qn7fkbo9lDtRkeR.jpg","id":1930,"imdb":"tt0948470","cast":["Andrew Garfield","Emma Stone","Martin Sheen","Sally Field","Rhys Ifans","Denis Leary","Irrfan Khan","Embeth Davidtz"],"metascore":66},"Snow White and the Huntsman":{"revenue":396600000,"release_date":"2012-06-01","poster":"/40iabcM7KQLJzmO8yGm8AvUbxZR.jpg","id":58595,"imdb":"tt1735898","cast":["Charlize Theron","Kristen Stewart","Chris Hemsworth","Sam Claflin","Ian McShane","Ray Winstone","Nick Frost","Toby Jones","Eddie Marsan","Bob Hoskins"],"metascore":57},"Silver Linings Playbook":{"revenue":205738714,"release_date":"2012-12-25","poster":"/ilrZAV2klTB0FLxLb01bOp5pzD9.jpg","id":82693,"imdb":"tt1045658","cast":["Bradley Cooper","Jennifer Lawrence","Robert De Niro","Jacki Weaver","Chris Tucker","Anupam Kher","John Ortiz","Shea Whigham","Julia Stiles","Dash Mihok"],"metascore":81},"Men in Black 3":{"revenue":624000000,"release_date":"2012-05-25","poster":"/nKHg139bbELC8QxxmJ7m2aOo005.jpg","id":41154,"imdb":"tt1409024","cast":["Will Smith","Tommy Lee Jones","Josh Brolin","Michael Stuhlbarg","Emma Thompson","Jemaine Clement","Nicole Scherzinger","Alice Eve","Bill Hader","Michael Chernus"],"metascore":58},"Ice Age: Continental Drift":{"revenue":875115339,"release_date":"2012-07-13","poster":"/u30xsZd3mijrdBKA6CeDsozx48g.jpg","id":57800,"imdb":"tt1667889","cast":["John Leguizamo","Ray Romano","Chris Wedge","Denis Leary","Seann William Scott","Jennifer Lopez","Queen Latifah","Peter Dinklage","Nick Frost","Josh Gad"],"metascore":49},"Les Misérables":{"revenue":440303623,"release_date":"2012-12-25","poster":"/qEsrAHoxj746FRb7OLGYjrx1AI3.jpg","id":82695,"imdb":"tt1707386","cast":["Hugh Jackman","Russell Crowe","Anne Hathaway","Amanda Seyfried","Sacha Baron Cohen","Helena Bonham Carter","Eddie Redmayne","Aaron Tveit","Samantha Barks","Daniel Huttlestone"],"metascore":63},"Brave":{"revenue":538983207,"release_date":"2012-06-22","poster":"/yctGwK2UNuItxCBAU78U105mmjc.jpg","id":62177,"imdb":"tt1217209","cast":["Kelly Macdonald","Julie Walters","Billy Connolly","Emma Thompson","Kevin McKidd","Craig Ferguson","Robbie Coltrane","Peigi Barker","Steven Cree"],"metascore":69},"Hotel Transylvania":{"revenue":346000000,"release_date":"2012-09-27","poster":"/ou0UkqekgRP3oUDBGYFmYI4cxou.jpg","id":76492,"imdb":"tt0837562","cast":["Adam Sandler","Steve Buscemi","David Spade","Kevin James","Selena Gomez","Andy Samberg","Fran Drescher","Molly Shannon","Cee Lo Green","Jon Lovitz"],"metascore":47},"21 Jump Street":{"revenue":53957072,"release_date":"2012-03-12","poster":"/mH6xazzfGdszadd1Xy9JgdZYvn1.jpg","id":64688,"imdb":"tt1232829","cast":["Channing Tatum","Jonah Hill","Brie Larson","Ellie Kemper","Ice Cube","Dave Franco","Nick Offerman","Lindsey Broad","Rob Riggle","Johnny Depp"],"metascore":69},"Argo":{"revenue":232324128,"release_date":"2012-10-12","poster":"/oai3xLBQHpIh18VJdRCcL7D0Yg0.jpg","id":68734,"imdb":"tt1024648","cast":["Ben Affleck","Bryan Cranston","Alan Arkin","John Goodman","Victor Garber","Tate Donovan","Clea DuVall","Scoot McNairy","Rory Cochrane","Christopher Denham"],"metascore":86},"Safe House":{"revenue":208076205,"release_date":"2012-02-10","poster":"/q83VacoG2hHLvORTPtvCXKsdBSN.jpg","id":59961,"imdb":"tt1599348","cast":["Denzel Washington","Ryan Reynolds","Vera Farmiga","Joel Kinnaman","Brendan Gleeson","Sam Shepard","Nora Arnezeder","Liam Cunningham","Fares Fares","Jenna Dover"],"metascore":52},"The Vow":{"revenue":124,"release_date":"2012-02-10","poster":"/uh8t52yMz0WWsZkuk1c6i9JgEwE.jpg","id":72570,"imdb":"tt1606389","cast":["Rachel McAdams","Channing Tatum","Sam Neill","Scott Speedman","Jessica Lange","Lucas Bryant","Kristina Pesic","Jessica McNamee","Dillon Casey","Tatiana Maslany"],"metascore":43},"The Bourne Legacy":{"revenue":276572938,"release_date":"2012-08-10","poster":"/66na1ha5ejYGsNXbd5ShzwdCMwr.jpg","id":49040,"imdb":"tt1194173","cast":["Jeremy Renner","Scott Glenn","Rachel Weisz","Edward Norton","Stacy Keach","Joan Allen","Donna Murphy","Albert Finney","Michael Chernus","Oscar Isaac"],"metascore":61},"Life of Pi":{"revenue":113525126,"release_date":"2012-11-21","poster":"/rXhuBgQyRKB7cW5BRImyVkO89K7.jpg","id":87827,"imdb":"tt0454876","cast":["Suraj Sharma","Irrfan Khan","Ayush Tandon","Gautam Belur","Adil Hussain","Tabu","Rafe Spall","Gérard Depardieu","James Saito","Jun Naito"],"metascore":79},"Rise of the Guardians":{"revenue":302317123,"release_date":"2012-11-29","poster":"/fm3GZCt3UV9srUbE5bLr3YXJv67.jpg","id":81188,"imdb":"tt1446192","cast":["Chris Pine","Alec Baldwin","Jude Law","Isla Fisher","Hugh Jackman","Dakota Goyo","Khamani Griffin","Kamil McFadden"],"metascore":57},"Prometheus":{"revenue":403170142,"release_date":"2012-06-07","poster":"/idXq7NctkwoH59DRAIQlHEPtn95.jpg","id":70981,"imdb":"tt1446714","cast":["Noomi Rapace","Michael Fassbender","Charlize Theron","Idris Elba","Guy Pearce","Logan Marshall-Green","Sean Harris","Rafe Spall","Emun Elliott","Kate Dickie"],"metascore":65},"Zero Dark Thirty":{"revenue":137720716,"release_date":"2012-12-19","poster":"/yg6IDNucLAEj7E5loTyTnUW2pgb.jpg","id":97630,"imdb":"tt1790885","cast":["Jessica Chastain","Jason Clarke","Mark Strong","Joel Edgerton","Chris Pratt","Kyle Chandler","Édgar Ramírez","Mark Duplass","Scott Adkins","Jennifer Ehle"],"metascore":95},"Dark Shadows":{"revenue":245527149,"release_date":"2012-05-11","poster":"/jSjpuT6I4j5EECCsABZywX7wpUt.jpg","id":62213,"imdb":"tt1077368","cast":["Johnny Depp","Michelle Pfeiffer","Helena Bonham Carter","Jackie Earle Haley","Jonny Lee Miller","Eva Green","Bella Heathcote","Chloë Grace Moretz","Gulliver McGrath","Christopher Lee"],"metascore":55},"Flight":{"revenue":92741718,"release_date":"2012-11-02","poster":"/8XEbkjgorAm9xk15mF63jqJ4ByV.jpg","id":87502,"imdb":"tt1907668","cast":["Denzel Washington","Don Cheadle","Bruce Greenwood","Kelly Reilly","John Goodman","Brian Geraghty","Nadine Velazquez","Tamara Tunie","Melissa Leo"],"metascore":76},"Django Unchained":{"revenue":424032081,"release_date":"2012-12-25","poster":"/5WJnxuw41sddupf8cwOxYftuvJG.jpg","id":68718,"imdb":"tt1853728","cast":["Jamie Foxx","Christoph Waltz","Leonardo DiCaprio","Kerry Washington","Samuel L. Jackson","Walton Goggins","Dennis Christopher","James Remar","David Steen","Dana Michelle Gourrier"],"metascore":81},"The Campaign":{"revenue":103430245,"release_date":"2012-08-10","poster":"/6uH8BOWN60mu2Vd5z4jCaVWb2ix.jpg","id":77953,"imdb":"tt1790886","cast":["Dylan McDermott","Will Ferrell","Zach Galifianakis","Jason Sudeikis","Sarah Baker","Millard Darden","Kya Haywood","John Lithgow","Dan Aykroyd","Brian Cox"],"metascore":50},"Jack Reacher":{"revenue":217570736,"release_date":"2012-12-21","poster":"/38bmEXmuJuInLs9dwfgOGCHmZ7l.jpg","id":75780,"imdb":"tt0790724","cast":["Tom Cruise","Rosamund Pike","Richard Jenkins","David Oyelowo","Werner Herzog","Jai Courtney","Vladimir Sizov","Joe Sikora","Michael Raymond-James","Alexia Fast"],"metascore":50},"The Expendables 2":{"revenue":312573423,"release_date":"2012-08-17","poster":"/dJPnTe1qOcO7XqsJvESFph83m6m.jpg","id":76163,"imdb":"tt1764651","cast":["Sylvester Stallone","Jason Statham","Dolph Lundgren","Bruce Willis","Arnold Schwarzenegger","Jean-Claude Van Damme","Chuck Norris","Scott Adkins","Liam Hemsworth","Jet Li"],"metascore":51},"Looper":{"revenue":47042000,"release_date":"2012-09-28","poster":"/lbEqxVbzg936a392Z837HTUGvWc.jpg","id":59967,"imdb":"tt1276104","cast":["Joseph Gordon-Levitt","Bruce Willis","Emily Blunt","Paul Dano","Noah Segan","Piper Perabo","Jeff Daniels","Pierce Gagnon","Xu Qing","Tracie Thoms"],"metascore":84},"Act of Valor":{"revenue":64149755,"release_date":"2012-02-24","poster":"/rD7zSU8OVAcYg92nB19qIc7spiw.jpg","id":75674,"imdb":"tt1591479","cast":["Roselyn Sánchez","Emilio Rivera","Nestor Serrano","Gonzalo Menendez","Alexander Asefa","Jeffrey Barnachea","Kenny Calderon","Raul Canizales II","Drea Castro","Sam Cespedes"],"metascore":40},"Contraband":{"revenue":63100000,"release_date":"2012-01-13","poster":"/1po0IPambMJmBhUD9rwd41M9Jmh.jpg","id":77866,"imdb":"tt1524137","cast":["Mark Wahlberg","Kate Beckinsale","Ben Foster","Giovanni Ribisi","J.K. Simmons","William Lucking","Diego Luna","Caleb Landry Jones","Robert Wahlberg","Lukas Haas"],"metascore":51},"Battleship":{"revenue":302000000,"release_date":"2012-05-18","poster":"/7hN6WtMepoMZyeHZU2DM21cEj3z.jpg","id":44833,"imdb":"tt1440129","cast":["Taylor Kitsch","Alexander Skarsgård","Rihanna","Brooklyn Decker","Tadanobu Asano","Liam Neeson","Peter MacNicol","Josh Pence","Jesse Plemons","John Tui"],"metascore":41},"Pitch Perfect":{"revenue":113042075,"release_date":"2012-09-28","poster":"/b2dQHjDSsK1CczDSNQx9FrT7OKY.jpg","id":114150,"imdb":"tt1981677","cast":["Anna Kendrick","Skylar Astin","Ben Platt","Brittany Snow","Anna Camp","Rebel Wilson","Alexis Knapp","Ester Dean","Hana Mae Lee","Kelley Jakle"],"metascore":66},"Mirror Mirror":{"revenue":162700692,"release_date":"2012-03-30","poster":"/twCU43qv4VVqqsIi1NMnGj2kXmp.jpg","id":62764,"imdb":"tt1667353","cast":["Lily Collins","Julia Roberts","Armie Hammer","Nathan Lane","Jordan Prentice","Mark Povinelli","Joe Gnoffo","Danny Woodburn","Sebastian Saraceno","Martin Klebba"],"metascore":46},"The Hunger Games: Catching Fire":{"revenue":847423452,"release_date":"2013-11-22","poster":"/tAhSyLxpaZJCr1oc2a3flvC2B7x.jpg","id":101299,"imdb":"tt1951264","cast":["Jennifer Lawrence","Josh Hutcherson","Sam Claflin","Elizabeth Banks","Alan Ritchson","Jena Malone","Stanley Tucci","Willow Shields","Woody Harrelson","Philip Seymour Hoffman"],"metascore":75},"This Is 40":{"revenue":88058786,"release_date":"2012-12-21","poster":"/7JzoqIomMAWIZiwHkIRUMInHZxf.jpg","id":89492,"imdb":"tt1758830","cast":["Paul Rudd","Leslie Mann","Jason Segel","Maude Apatow","Megan Fox","Lena Dunham","Melissa McCarthy","Charlyne Yi","John Lithgow","Robert Smigel"],"metascore":59},"Underworld: Awakening":{"revenue":132400000,"release_date":"2012-01-18","poster":"/76GXWKs2IDi0ZERKLT57wkToV0A.jpg","id":52520,"imdb":"tt1496025","cast":["Kate Beckinsale","Stephen Rea","Michael Ealy","Theo James","India Eisley","Charles Dance","Kris Holden-Ried","Sandrine Holt","Richard Cetrone","Sanny Van Heteren"],"metascore":39},"Wrath of the Titans":{"revenue":301,"release_date":"2012-03-29","poster":"/Albfq3ziSCQVyh5PzMSsFmmgHmy.jpg","id":57165,"imdb":"tt1646987","cast":["Liam Neeson","Sam Worthington","Ralph Fiennes","Rosamund Pike","Bill Nighy","Toby Kebbell","Danny Huston","Édgar Ramírez","John Bell","Lily James"],"metascore":37},"The Dictator":{"revenue":167650222,"release_date":"2012-05-16","poster":"/uAvG211cGNKSFyPzXFVMZzjkBB8.jpg","id":76493,"imdb":"tt1645170","cast":["Sacha Baron Cohen","Sayed Badreya","Aasif Mandvi","Megan Fox","Anna Faris","John C. Reilly","Michelle Bergh","Adeel Akhtar","Ben Kingsley","Olivia Taylor Dudley"],"metascore":58},"Chronicle":{"revenue":145000000,"release_date":"2012-02-02","poster":"/6uaJhUNP1VXyRQS6cGyQD4RbZsj.jpg","id":76726,"imdb":"tt1706593","cast":["Dane DeHaan","Alex Russell","Michael Kelly","Michael B. Jordan","Anna Wood","Ashley Hinshaw","Joe Vaz","Luke Tyler"],"metascore":69},"Gravity":{"revenue":536000000,"release_date":"2013-10-04","poster":"/2gPjLWIyrWlAn2DgKMOKTBnZYyO.jpg","id":49047,"imdb":"tt1454468","cast":["Sandra Bullock","George Clooney","Ed Harris","Orto Ignatiussen","Paul Sharma","Amy Warren","Basher Savage"],"metascore":96},"Iron Man 3":{"revenue":1198459803,"release_date":"2013-05-03","poster":"/1Ilv6ryHUv6rt9zIsbSEJUmmbEi.jpg","id":68721,"imdb":"tt1300854","cast":["Robert Downey Jr.","Gwyneth Paltrow","Guy Pearce","Don Cheadle","Ben Kingsley","Rebecca Hall","Jon Favreau","Paul Bettany","William Sadler","James Badge Dale"],"metascore":62},"Frozen":{"revenue":712680546,"release_date":"2013-11-19","poster":"/jIjdFXKUNtdf1bwqMrhearpyjMj.jpg","id":109445,"imdb":"tt2294629","cast":["Kristen Bell","Idina Menzel","Jonathan Groff","Josh Gad","Santino Fontana","Alan Tudyk","Ciarán Hinds","Christopher Williams","Stephen J. Anderson","Maia Wilson"],"metascore":74},"Man of Steel":{"revenue":662845518,"release_date":"2013-06-14","poster":"/uKnhbfNt1ZR2TdoZpdn7vSNZlhX.jpg","id":49521,"imdb":"tt0770828","cast":["Henry Cavill","Amy Adams","Michael Shannon","Diane Lane","Russell Crowe","Antje Traue","Kevin Costner","Christopher Meloni","Laurence Fishburne","Jadin Gould"],"metascore":55},"Fast & Furious 6":{"revenue":788679850,"release_date":"2013-05-22","poster":"/9asHoz3cdKAaT8EFBntv3UXPJP.jpg","id":82992,"imdb":"tt1905041","cast":["Paul Walker","Vin Diesel","Dwayne Johnson","Jordana Brewster","Luke Evans","Michelle Rodriguez","Tyrese Gibson","Gal Gadot","Sung Kang","Ludacris"],"metascore":61},"Despicable Me 2":{"revenue":970761885,"release_date":"2013-07-02","poster":"/omNZfb0L2ak0TOgXt9A4llhj5kP.jpg","id":93456,"imdb":"tt1690953","cast":["Steve Carell","Kristen Wiig","Benjamin Bratt","Miranda Cosgrove","Russell Brand","Ken Jeong","Steve Coogan","Elsie Kate Fisher","Dana Gaier","Moisés Arias"],"metascore":62},"World War Z":{"revenue":531865000,"release_date":"2013-06-21","poster":"/gAt1PrsrFY1nX6UzebeiHP8njE9.jpg","id":72190,"imdb":"tt0816711","cast":["Brad Pitt","Mireille Enos","James Badge Dale","Elyes Gabel","David Andrews","Abigail Hargrove","Daniella Kertesz","Ludi Boeken","Matthew Fox","Fana Mokoena"],"metascore":63},"Star Trek Into Darkness":{"revenue":467365246,"release_date":"2013-05-16","poster":"/41mhrXASAW3sdn7LBWF49uCX0xi.jpg","id":54138,"imdb":"tt1408101","cast":["Chris Pine","Zachary Quinto","Zoe Saldana","Karl Urban","Simon Pegg","John Cho","Benedict Cumberbatch","Anton Yelchin","Bruce Greenwood","Alice Eve"],"metascore":72},"Oz: The Great and Powerful":{"revenue":491868548,"release_date":"2013-03-08","poster":"/7qzLIcYR7ev7iXngY8NKHBZHwwT.jpg","id":68728,"imdb":"tt1623205","cast":["James Franco","Mila Kunis","Rachel Weisz","Michelle Williams","Zach Braff","Bill Cobbs","Joey King","Tony Cox","Stephen R. Hart","Abigail Spencer"],"metascore":44},"The Heat":{"revenue":158674180,"release_date":"2013-06-28","poster":"/tM3hDt8JcU8Y8i6vzTcbnocM2bx.jpg","id":136795,"imdb":"tt2404463","cast":["Sandra Bullock","Melissa McCarthy","Demián Bichir","Michael Rapaport","Taran Killam","Marlon Wayans","Andy Buckley","Bill Burr","Steve Bannos","Jane Curtin"],"metascore":60},"Identity Thief":{"revenue":173965010,"release_date":"2013-02-09","poster":"/lOF4rI6SxgRsVLW8odsauqnhB9Z.jpg","id":109431,"imdb":"tt2024432","cast":["Jason Bateman","Melissa McCarthy","Jon Favreau","Amanda Peet","T.I.","Génesis Rodríguez","Morris Chestnut","John Cho","Robert Patrick","Eric Stonestreet"],"metascore":35},"The Croods":{"revenue":585178928,"release_date":"2013-03-21","poster":"/eHi3Nbgh6Cs2KiIyEMF4Ig4CdjX.jpg","id":49519,"imdb":"tt0481499","cast":["Nicolas Cage","Emma Stone","Ryan Reynolds","Catherine Keener","Cloris Leachman","Clark Duke"],"metascore":55},"The Conjuring":{"revenue":318000141,"release_date":"2013-07-19","poster":"/xYGkdhOEVoFrLNUotuTXemtQAWd.jpg","id":138843,"imdb":"tt1457767","cast":["Patrick Wilson","Vera Farmiga","Lili Taylor","Ron Livingston","Hayley McFarland","Mackenzie Foy","Joey King","Shanley Caswell","Shannon Kook-Chun","Kyla Deaver"],"metascore":68},"G.I. Joe: Retaliation":{"revenue":371876278,"release_date":"2013-03-29","poster":"/swk1AHwPvIJv8NUFM1qpFuaT642.jpg","id":72559,"imdb":"tt1583421","cast":["Bruce Willis","Channing Tatum","Dwayne Johnson","Jonathan Pryce","Lee Byung-hun","Elodie Yung","Ray Stevenson","D.J. Cotrona","Adrianne Palicki","Ray Park"],"metascore":41},"Cloudy with a Chance of Meatballs 2":{"revenue":248384621,"release_date":"2013-09-27","poster":"/qg3GeUl9lS0EtInt4d9Q8H7zyls.jpg","id":109451,"imdb":"tt1985966","cast":["Neil Patrick Harris","Anna Faris","Terry Crews","James Caan","Andy Samberg","Kristen Schaal","Bill Hader","Benjamin Bratt","Will Forte","Melissa Sturm"],"metascore":59},"Now You See Me":{"revenue":117698894,"release_date":"2013-05-31","poster":"/A06e9YJ5ry3WXEIFIAD1mKBxcuZ.jpg","id":75656,"imdb":"tt1670345","cast":["Jesse Eisenberg","Mark Ruffalo","Woody Harrelson","Isla Fisher","Dave Franco","Mélanie Laurent","Morgan Freeman","Michael Caine","Michael Kelly","Common"],"metascore":50},"The Butler":{"revenue":115922175,"release_date":"2013-08-16","poster":"/hUjEYTN5NuK8kYRQxngS7itpBQC.jpg","id":132363,"imdb":"tt1327773","cast":["Forest Whitaker","David Banner","Michael Rainey Jr.","LaJessie Smith","Mariah Carey","Alex Pettyfer","Vanessa Redgrave","Ami Ameen","Clarence Williams III","John P. Fertitta"],"metascore":66},"The Wolverine":{"revenue":132440673,"release_date":"2013-07-25","poster":"/9wZFonA8gaMgebNMpWJ81xf5eBe.jpg","id":76170,"imdb":"tt1430132","cast":["Hugh Jackman","Tao Okamoto","Rila Fukushima","Hiroyuki Sanada","Svetlana Khodchenkova","Brian Tee","Hal Yamanouchi","Will Yun Lee","Ken Yamamura","Famke Janssen"],"metascore":60},"Olympus Has Fallen":{"revenue":161025640,"release_date":"2013-03-22","poster":"/a2r2mvky2D5QCyYLdu2c3A4LOmb.jpg","id":117263,"imdb":"tt2302755","cast":["Gerard Butler","Aaron Eckhart","Angela Bassett","Morgan Freeman","Radha Mitchell","Rick Yune","Dylan McDermott","Finley Jacobsen","Tory Kittles","Shanna Forrestall"],"metascore":41},"Pacific Rim":{"revenue":407602906,"release_date":"2013-07-12","poster":"/sCJEwEShZvruTpQ2a4yiX3Q9EyZ.jpg","id":68726,"imdb":"tt1663662","cast":["Idris Elba","Charlie Hunnam","Charlie Day","Ron Perlman","Burn Gorman","Rinko Kikuchi","Max Martini","Robert Maillet","Robert Kazinsky","Larry Joe Campbell"],"metascore":64},"Captain Phillips":{"revenue":95000000,"release_date":"2013-10-11","poster":"/AnMTMPTUzeWNbYxzp29WqYf1br1.jpg","id":109424,"imdb":"tt1535109","cast":["Tom Hanks","Catherine Keener","Max Martini","Chris Mulkey","Yul Vazquez","Corey Johnson","David Warshofsky","John Magaro","Michael Chernus","Angus MacInnes"],"metascore":83},"Jackass Presents: Bad Grandpa":{"revenue":145941988,"release_date":"2013-10-25","poster":"/9XJ1RICUVM8nxSHFphl5c6ZyQtH.jpg","id":208134,"imdb":"tt3063516","cast":["Johnny Knoxville","Jackson Nicoll","Georgina Cates","Spike Jonze","Catherine Keener","Kamber Hejlik","Jack Polick","Grasie Mercedes"],"metascore":54},"Elysium":{"revenue":286140700,"release_date":"2013-08-09","poster":"/tHkjoAxmhp3Eau1h0Ir7maKMwUz.jpg","id":68724,"imdb":"tt1535108","cast":["Matt Damon","Jodie Foster","Sharlto Copley","Alice Braga","Diego Luna","Wagner Moura","William Fichtner","Faran Tahir","Jose Pablo Cantillo","Maxwell Perry Cotton"],"metascore":61},"Oblivion":{"revenue":286166958,"release_date":"2013-04-18","poster":"/uhUc8ThNmzqd33eqRLWsv4kw92o.jpg","id":75612,"imdb":"tt1483013","cast":["Tom Cruise","Olga Kurylenko","Andrea Riseborough","Nikolaj Coster-Waldau","Morgan Freeman","Melissa Leo","Zoë Bell","Abigail Lowe","Isabelle Lowe","David Madison"],"metascore":54},"White House Down":{"revenue":205366737,"release_date":"2013-06-28","poster":"/niYdnzkrtBduR5lKtfeLXKXNaTT.jpg","id":117251,"imdb":"tt2334879","cast":["Channing Tatum","Jamie Foxx","Joey King","Maggie Gyllenhaal","Richard Jenkins","James Woods","Nicolas Wright","Jimmi Simpson","Michael Murphy","Rachelle Lefevre"],"metascore":52},"Safe Haven":{"revenue":67558495,"release_date":"2013-02-14","poster":"/hzXurvrzM4T741O36Fv4mZ7Zkxo.jpg","id":112949,"imdb":"tt1702439","cast":["Julianne Hough","Josh Duhamel","Cobie Smulders","David Lyons","Mike Pniewski"],"metascore":34},"Saving Mr. Banks":{"revenue":82590208,"release_date":"2013-12-20","poster":"/gBJXZl0HiJ2uRjIfW2kb88hJfPF.jpg","id":140823,"imdb":"tt2140373","cast":["Emma Thompson","Tom Hanks","Annie Rose Buckley","Colin Farrell","Ruth Wilson","Paul Giamatti","Bradley Whitford","B. J. Novak","Jason Schwartzman","Kathy Baker"],"metascore":65},"Mama":{"revenue":146497771,"release_date":"2013-01-18","poster":"/8yy5nw7SD4VZMZIlebS96HDpp2g.jpg","id":132232,"imdb":"tt2023587","cast":["Jessica Chastain","Nikolaj Coster-Waldau","Megan Charpentier","Isabelle Nélisse","Daniel Kash"],"metascore":57},"The Smurfs 2":{"revenue":347434178,"release_date":"2013-07-31","poster":"/mF2FXzZ3EktWoagU4fzoabNsK6J.jpg","id":77931,"imdb":"tt2017020","cast":["Neil Patrick Harris","Christina Ricci","Katy Perry","Hank Azaria","Brendan Gleeson","Alan Cumming","Jayma Mays","Jonathan Winters","J. B. Smoove","George Lopez"],"metascore":34},"Percy Jackson: Sea of Monsters":{"revenue":174578751,"release_date":"2013-08-07","poster":"/cjNvhte8I318miZucl9MIFFyWQJ.jpg","id":76285,"imdb":"tt1854564","cast":["Logan Lerman","Alexandra Daddario","Douglas Smith","Leven Rambin","Brandon T. Jackson","Jake Abel","Anthony Stewart Head","Stanley Tucci","Nathan Fillion","Derek Mears"],"metascore":39},"Jack the Giant Slayer":{"revenue":197687603,"release_date":"2013-03-01","poster":"/wn4aSJcKiQ0fPzJ92XEf6M9Kmlo.jpg","id":81005,"imdb":"tt1351685","cast":["Nicholas Hoult","Eleanor Tomlinson","Ewan McGregor","Stanley Tucci","Ian McShane","Eddie Marsan","Ewen Bremner","Warwick Davis","Bill Nighy","Ralph Brown"],"metascore":51},"A Good Day to Die Hard":{"revenue":304654182,"release_date":"2013-02-14","poster":"/7JKli6FqxK6kEsNRUW8JVGmGSNI.jpg","id":47964,"imdb":"tt1606378","cast":["Bruce Willis","Jai Courtney","Sebastian Koch","Mary Elizabeth Winstead","Yuliya Snigir","Radivoje Bukvić","Cole Hauser","Amaury Nolasco","Sergey Kolesnikov","Roman Luknár"],"metascore":28},"Warm Bodies":{"revenue":116000000,"release_date":"2013-02-01","poster":"/8mE2wRdp9FzCHFPnQmpWN59I6xv.jpg","id":82654,"imdb":"tt1588173","cast":["Nicholas Hoult","Teresa Palmer","Analeigh Tipton","Rob Corddry","Dave Franco","John Malkovich","Cory Hardrict","Daniel Rindress-Kay","Vincent Leclerc","Robert Reynolds"],"metascore":59}}